price|quantity|type|timestamp
37408000|0.1952|0|2023-05-08 19:08:46
37405000|0.01|0|2023-05-08 19:08:46
37398000|0.0837|0|2023-05-08 19:08:46
37396000|0.0057|0|2023-05-08 19:08:46
37395000|0.0395|0|2023-05-08 19:08:46
37411000|0.0056|1|2023-05-08 19:08:46
37412000|0.0788|1|2023-05-08 19:08:46
37413000|0.045|1|2023-05-08 19:08:46
37414000|0.1425|1|2023-05-08 19:08:46
37416000|0.0152|1|2023-05-08 19:08:46
37408000|0.1952|0|2023-05-08 19:08:47
37405000|0.01|0|2023-05-08 19:08:47
37398000|0.0837|0|2023-05-08 19:08:47
37396000|0.0057|0|2023-05-08 19:08:47
37395000|0.0395|0|2023-05-08 19:08:47
37411000|0.0376|1|2023-05-08 19:08:47
37412000|0.0788|1|2023-05-08 19:08:47
37413000|0.045|1|2023-05-08 19:08:47
37414000|0.1425|1|2023-05-08 19:08:47
37416000|0.0152|1|2023-05-08 19:08:47
37405000|0.01|0|2023-05-08 19:08:48
37398000|0.0837|0|2023-05-08 19:08:48
37396000|0.0057|0|2023-05-08 19:08:48
37395000|0.0395|0|2023-05-08 19:08:48
37394000|0.1477|0|2023-05-08 19:08:48
37406000|0.039|1|2023-05-08 19:08:48
37407000|0.0692|1|2023-05-08 19:08:48
37411000|0.0376|1|2023-05-08 19:08:48
37412000|0.0788|1|2023-05-08 19:08:48
37413000|0.045|1|2023-05-08 19:08:48
37405000|0.01|0|2023-05-08 19:08:49
37398000|0.0998|0|2023-05-08 19:08:49
37396000|0.0057|0|2023-05-08 19:08:49
37395000|0.0395|0|2023-05-08 19:08:49
37394000|0.1477|0|2023-05-08 19:08:49
37406000|0.0388|1|2023-05-08 19:08:49
37407000|0.0692|1|2023-05-08 19:08:49
37411000|0.0376|1|2023-05-08 19:08:49
37412000|0.0788|1|2023-05-08 19:08:49
37413000|0.045|1|2023-05-08 19:08:49
37405000|0.01|0|2023-05-08 19:08:50
37398000|0.0998|0|2023-05-08 19:08:50
37396000|0.0057|0|2023-05-08 19:08:50
37395000|0.0395|0|2023-05-08 19:08:50
37394000|0.1477|0|2023-05-08 19:08:50
37406000|0.0388|1|2023-05-08 19:08:50
37407000|0.0692|1|2023-05-08 19:08:50
37411000|0.0376|1|2023-05-08 19:08:50
37412000|0.0788|1|2023-05-08 19:08:50
37413000|0.045|1|2023-05-08 19:08:50
37405000|0.01|0|2023-05-08 19:08:51
37398000|0.0998|0|2023-05-08 19:08:51
37396000|0.0057|0|2023-05-08 19:08:51
37395000|0.0395|0|2023-05-08 19:08:51
37394000|0.1477|0|2023-05-08 19:08:51
37406000|0.0388|1|2023-05-08 19:08:51
37407000|0.0692|1|2023-05-08 19:08:51
37411000|0.0376|1|2023-05-08 19:08:51
37412000|0.0788|1|2023-05-08 19:08:51
37413000|0.045|1|2023-05-08 19:08:51
37405000|0.01|0|2023-05-08 19:08:52
37398000|0.0998|0|2023-05-08 19:08:52
37396000|0.0057|0|2023-05-08 19:08:52
37395000|0.0395|0|2023-05-08 19:08:52
37394000|0.1477|0|2023-05-08 19:08:52
37406000|0.0388|1|2023-05-08 19:08:52
37407000|0.0692|1|2023-05-08 19:08:52
37411000|0.0376|1|2023-05-08 19:08:52
37412000|0.0788|1|2023-05-08 19:08:52
37413000|0.045|1|2023-05-08 19:08:52
37405000|0.01|0|2023-05-08 19:08:53
37398000|0.0998|0|2023-05-08 19:08:53
37396000|0.0057|0|2023-05-08 19:08:53
37395000|0.0395|0|2023-05-08 19:08:53
37394000|0.1477|0|2023-05-08 19:08:53
37406000|0.0388|1|2023-05-08 19:08:53
37407000|0.0692|1|2023-05-08 19:08:53
37411000|0.0376|1|2023-05-08 19:08:53
37412000|0.0788|1|2023-05-08 19:08:53
37413000|0.045|1|2023-05-08 19:08:53
37405000|0.01|0|2023-05-08 19:08:54
37398000|0.0998|0|2023-05-08 19:08:54
37396000|0.0057|0|2023-05-08 19:08:54
37395000|0.0395|0|2023-05-08 19:08:54
37394000|0.1477|0|2023-05-08 19:08:54
37406000|0.0388|1|2023-05-08 19:08:54
37407000|0.0692|1|2023-05-08 19:08:54
37411000|0.0376|1|2023-05-08 19:08:54
37412000|0.0788|1|2023-05-08 19:08:54
37413000|0.045|1|2023-05-08 19:08:54
37405000|0.01|0|2023-05-08 19:08:55
37398000|0.0998|0|2023-05-08 19:08:55
37396000|0.0057|0|2023-05-08 19:08:55
37395000|0.0395|0|2023-05-08 19:08:55
37394000|0.1477|0|2023-05-08 19:08:55
37406000|0.0388|1|2023-05-08 19:08:55
37407000|0.0692|1|2023-05-08 19:08:55
37411000|0.0376|1|2023-05-08 19:08:55
37412000|0.0788|1|2023-05-08 19:08:55
37413000|0.045|1|2023-05-08 19:08:55
37409000|0.039|0|2023-05-08 19:08:56
37405000|0.01|0|2023-05-08 19:08:56
37401000|0.0881|0|2023-05-08 19:08:56
37398000|0.1401|0|2023-05-08 19:08:56
37397000|0.0635|0|2023-05-08 19:08:56
37411000|0.032|1|2023-05-08 19:08:56
37412000|0.0788|1|2023-05-08 19:08:56
37414000|0.1425|1|2023-05-08 19:08:56
37416000|0.0152|1|2023-05-08 19:08:56
37419000|0.0051|1|2023-05-08 19:08:56
37409000|0.039|0|2023-05-08 19:08:57
37405000|0.01|0|2023-05-08 19:08:57
37401000|0.0881|0|2023-05-08 19:08:57
37398000|0.1401|0|2023-05-08 19:08:57
37397000|0.0635|0|2023-05-08 19:08:57
37411000|0.032|1|2023-05-08 19:08:57
37412000|0.0788|1|2023-05-08 19:08:57
37414000|0.1425|1|2023-05-08 19:08:57
37416000|0.0152|1|2023-05-08 19:08:57
37419000|0.0051|1|2023-05-08 19:08:57
37409000|0.039|0|2023-05-08 19:08:58
37405000|0.01|0|2023-05-08 19:08:58
37401000|0.0881|0|2023-05-08 19:08:58
37398000|0.1401|0|2023-05-08 19:08:58
37397000|0.0635|0|2023-05-08 19:08:58
37411000|0.032|1|2023-05-08 19:08:58
37412000|0.0788|1|2023-05-08 19:08:58
37414000|0.1425|1|2023-05-08 19:08:58
37416000|0.0152|1|2023-05-08 19:08:58
37419000|0.0051|1|2023-05-08 19:08:58
37405000|0.01|0|2023-05-08 19:08:59
37398000|0.0998|0|2023-05-08 19:08:59
37397000|0.0635|0|2023-05-08 19:08:59
37395000|0.01|0|2023-05-08 19:08:59
37394000|0.0832|0|2023-05-08 19:08:59
37411000|0.1163|1|2023-05-08 19:08:59
37412000|0.0788|1|2023-05-08 19:08:59
37414000|0.1425|1|2023-05-08 19:08:59
37416000|0.0152|1|2023-05-08 19:08:59
37417000|0.0391|1|2023-05-08 19:08:59
37398000|0.0998|0|2023-05-08 19:09:00
37395000|0.01|0|2023-05-08 19:09:00
37394000|0.0832|0|2023-05-08 19:09:00
37393000|0.057|0|2023-05-08 19:09:00
37392000|1.4436|0|2023-05-08 19:09:00
37414000|0.1254|1|2023-05-08 19:09:00
37416000|0.0152|1|2023-05-08 19:09:00
37417000|0.0391|1|2023-05-08 19:09:00
37419000|0.0051|1|2023-05-08 19:09:00
37420000|0.1156|1|2023-05-08 19:09:00
37398000|0.0998|0|2023-05-08 19:09:01
37395000|0.01|0|2023-05-08 19:09:01
37394000|0.0832|0|2023-05-08 19:09:01
37393000|0.057|0|2023-05-08 19:09:01
37392000|1.4436|0|2023-05-08 19:09:01
37414000|0.1254|1|2023-05-08 19:09:01
37416000|0.0152|1|2023-05-08 19:09:01
37417000|0.0391|1|2023-05-08 19:09:01
37419000|0.0051|1|2023-05-08 19:09:01
37420000|0.1156|1|2023-05-08 19:09:01
37398000|0.0998|0|2023-05-08 19:09:02
37395000|0.01|0|2023-05-08 19:09:02
37394000|0.0832|0|2023-05-08 19:09:02
37393000|0.057|0|2023-05-08 19:09:02
37392000|1.4436|0|2023-05-08 19:09:02
37414000|0.1254|1|2023-05-08 19:09:02
37416000|0.0152|1|2023-05-08 19:09:02
37417000|0.0391|1|2023-05-08 19:09:02
37419000|0.0051|1|2023-05-08 19:09:02
37420000|1.4076|1|2023-05-08 19:09:02
37398000|0.0998|0|2023-05-08 19:09:03
37395000|0.0152|0|2023-05-08 19:09:03
37394000|0.0832|0|2023-05-08 19:09:03
37393000|0.057|0|2023-05-08 19:09:03
37392000|1.4436|0|2023-05-08 19:09:03
37414000|0.1254|1|2023-05-08 19:09:03
37416000|0.0152|1|2023-05-08 19:09:03
37417000|0.0391|1|2023-05-08 19:09:03
37419000|0.0051|1|2023-05-08 19:09:03
37420000|1.4076|1|2023-05-08 19:09:03
37398000|0.0998|0|2023-05-08 19:09:04
37395000|0.0152|0|2023-05-08 19:09:04
37394000|0.0832|0|2023-05-08 19:09:04
37393000|0.057|0|2023-05-08 19:09:04
37392000|1.4436|0|2023-05-08 19:09:04
37414000|0.1254|1|2023-05-08 19:09:04
37416000|0.0152|1|2023-05-08 19:09:04
37417000|0.0391|1|2023-05-08 19:09:04
37419000|0.0051|1|2023-05-08 19:09:04
37420000|1.4076|1|2023-05-08 19:09:04
37398000|0.0998|0|2023-05-08 19:09:05
37395000|0.0152|0|2023-05-08 19:09:05
37394000|0.1239|0|2023-05-08 19:09:05
37393000|0.057|0|2023-05-08 19:09:05
37392000|1.4436|0|2023-05-08 19:09:05
37414000|0.1254|1|2023-05-08 19:09:05
37416000|0.0152|1|2023-05-08 19:09:05
37417000|0.0391|1|2023-05-08 19:09:05
37419000|0.0051|1|2023-05-08 19:09:05
37420000|1.4076|1|2023-05-08 19:09:05
37398000|0.0998|0|2023-05-08 19:09:06
37395000|0.0152|0|2023-05-08 19:09:06
37394000|0.1239|0|2023-05-08 19:09:06
37393000|0.057|0|2023-05-08 19:09:06
37392000|1.4436|0|2023-05-08 19:09:06
37414000|0.1254|1|2023-05-08 19:09:06
37416000|0.0152|1|2023-05-08 19:09:06
37417000|0.0391|1|2023-05-08 19:09:06
37419000|0.0051|1|2023-05-08 19:09:06
37420000|1.4076|1|2023-05-08 19:09:06
37398000|0.0998|0|2023-05-08 19:09:07
37395000|0.0152|0|2023-05-08 19:09:07
37394000|0.1239|0|2023-05-08 19:09:07
37393000|0.057|0|2023-05-08 19:09:07
37392000|1.4436|0|2023-05-08 19:09:07
37414000|0.1254|1|2023-05-08 19:09:07
37416000|0.0152|1|2023-05-08 19:09:07
37417000|0.0391|1|2023-05-08 19:09:07
37419000|0.0051|1|2023-05-08 19:09:07
37420000|1.4076|1|2023-05-08 19:09:07
37398000|0.0998|0|2023-05-08 19:09:08
37395000|0.0152|0|2023-05-08 19:09:08
37394000|0.1239|0|2023-05-08 19:09:08
37393000|0.057|0|2023-05-08 19:09:08
37392000|1.4436|0|2023-05-08 19:09:08
37414000|0.1254|1|2023-05-08 19:09:08
37416000|0.0152|1|2023-05-08 19:09:08
37417000|0.0391|1|2023-05-08 19:09:08
37419000|0.0051|1|2023-05-08 19:09:08
37420000|1.4076|1|2023-05-08 19:09:08
37398000|0.0998|0|2023-05-08 19:09:09
37395000|0.0152|0|2023-05-08 19:09:09
37394000|0.1239|0|2023-05-08 19:09:09
37393000|0.057|0|2023-05-08 19:09:09
37392000|1.4436|0|2023-05-08 19:09:09
37414000|0.1254|1|2023-05-08 19:09:09
37416000|0.0152|1|2023-05-08 19:09:09
37417000|0.0391|1|2023-05-08 19:09:09
37419000|0.0051|1|2023-05-08 19:09:09
37420000|1.4076|1|2023-05-08 19:09:09
37398000|0.0998|0|2023-05-08 19:09:10
37395000|0.0152|0|2023-05-08 19:09:10
37394000|0.1239|0|2023-05-08 19:09:10
37393000|0.057|0|2023-05-08 19:09:10
37392000|1.4436|0|2023-05-08 19:09:10
37414000|0.1254|1|2023-05-08 19:09:10
37416000|0.0152|1|2023-05-08 19:09:10
37417000|0.0391|1|2023-05-08 19:09:10
37419000|0.0051|1|2023-05-08 19:09:10
37420000|1.4076|1|2023-05-08 19:09:10
37398000|0.0998|0|2023-05-08 19:09:11
37395000|0.0152|0|2023-05-08 19:09:11
37394000|0.1239|0|2023-05-08 19:09:11
37393000|0.057|0|2023-05-08 19:09:11
37392000|1.4436|0|2023-05-08 19:09:11
37414000|0.1254|1|2023-05-08 19:09:11
37416000|0.0152|1|2023-05-08 19:09:11
37417000|0.0391|1|2023-05-08 19:09:11
37419000|0.0051|1|2023-05-08 19:09:11
37420000|1.4076|1|2023-05-08 19:09:11
37398000|0.0998|0|2023-05-08 19:09:12
37395000|0.0152|0|2023-05-08 19:09:12
37394000|0.1239|0|2023-05-08 19:09:12
37393000|0.057|0|2023-05-08 19:09:12
37392000|1.4436|0|2023-05-08 19:09:12
37414000|0.1254|1|2023-05-08 19:09:12
37416000|0.0152|1|2023-05-08 19:09:12
37417000|0.0391|1|2023-05-08 19:09:12
37419000|0.0051|1|2023-05-08 19:09:12
37420000|1.4076|1|2023-05-08 19:09:12
37404000|0.0838|0|2023-05-08 19:09:13
37402000|0.0608|0|2023-05-08 19:09:13
37400000|0.0898|0|2023-05-08 19:09:13
37398000|0.164|0|2023-05-08 19:09:13
37397000|0.0406|0|2023-05-08 19:09:13
37416000|0.0152|1|2023-05-08 19:09:13
37418000|0.0868|1|2023-05-08 19:09:13
37419000|0.0051|1|2023-05-08 19:09:13
37420000|0.1156|1|2023-05-08 19:09:13
37421000|0.0018|1|2023-05-08 19:09:13
37407000|0.104|0|2023-05-08 19:09:14
37405000|0.0625|0|2023-05-08 19:09:14
37404000|0.1291|0|2023-05-08 19:09:14
37402000|0.0083|0|2023-05-08 19:09:14
37401000|0.1025|0|2023-05-08 19:09:14
37419000|0.0051|1|2023-05-08 19:09:14
37420000|0.1076|1|2023-05-08 19:09:14
37421000|0.0018|1|2023-05-08 19:09:14
37422000|0.0644|1|2023-05-08 19:09:14
37423000|0.0487|1|2023-05-08 19:09:14
37409000|0.1365|0|2023-05-08 19:09:15
37408000|0.0649|0|2023-05-08 19:09:15
37407000|0.104|0|2023-05-08 19:09:15
37404000|0.0894|0|2023-05-08 19:09:15
37402000|0.0083|0|2023-05-08 19:09:15
37420000|0.1076|1|2023-05-08 19:09:15
37421000|0.0018|1|2023-05-08 19:09:15
37422000|0.0152|1|2023-05-08 19:09:15
37423000|0.0487|1|2023-05-08 19:09:15
37424000|0.0761|1|2023-05-08 19:09:15
37421000|0.0581|0|2023-05-08 19:09:16
37420000|0.0132|0|2023-05-08 19:09:16
37419000|0.0004|0|2023-05-08 19:09:16
37413000|0.0056|0|2023-05-08 19:09:16
37412000|0.1239|0|2023-05-08 19:09:16
37422000|0.0152|1|2023-05-08 19:09:16
37423000|0.0487|1|2023-05-08 19:09:16
37424000|0.0152|1|2023-05-08 19:09:16
37425000|0.0893|1|2023-05-08 19:09:16
37428000|0.0512|1|2023-05-08 19:09:16
37421000|0.0581|0|2023-05-08 19:09:17
37420000|0.0132|0|2023-05-08 19:09:17
37415000|0.0851|0|2023-05-08 19:09:17
37413000|0.0056|0|2023-05-08 19:09:17
37412000|0.1239|0|2023-05-08 19:09:17
37422000|0.0152|1|2023-05-08 19:09:17
37424000|0.0152|1|2023-05-08 19:09:17
37428000|0.0512|1|2023-05-08 19:09:17
37429000|0.1505|1|2023-05-08 19:09:17
37431000|0.1359|1|2023-05-08 19:09:17
37421000|0.0581|0|2023-05-08 19:09:18
37420000|0.0132|0|2023-05-08 19:09:18
37415000|0.1005|0|2023-05-08 19:09:18
37413000|0.0056|0|2023-05-08 19:09:18
37412000|0.1239|0|2023-05-08 19:09:18
37422000|0.0016|1|2023-05-08 19:09:18
37424000|0.0152|1|2023-05-08 19:09:18
37428000|0.0512|1|2023-05-08 19:09:18
37429000|0.1505|1|2023-05-08 19:09:18
37431000|0.1359|1|2023-05-08 19:09:18
37421000|0.0581|0|2023-05-08 19:09:19
37420000|0.0132|0|2023-05-08 19:09:19
37415000|0.1005|0|2023-05-08 19:09:19
37413000|0.0056|0|2023-05-08 19:09:19
37412000|0.1239|0|2023-05-08 19:09:19
37422000|0.0016|1|2023-05-08 19:09:19
37424000|0.0152|1|2023-05-08 19:09:19
37428000|0.0512|1|2023-05-08 19:09:19
37429000|0.1505|1|2023-05-08 19:09:19
37431000|0.1359|1|2023-05-08 19:09:19
37415000|0.1005|0|2023-05-08 19:09:20
37413000|0.0056|0|2023-05-08 19:09:20
37412000|0.1239|0|2023-05-08 19:09:20
37411000|0.0645|0|2023-05-08 19:09:20
37410000|0.1116|0|2023-05-08 19:09:20
37422000|0.0016|1|2023-05-08 19:09:20
37424000|0.0152|1|2023-05-08 19:09:20
37428000|0.0512|1|2023-05-08 19:09:20
37429000|0.1505|1|2023-05-08 19:09:20
37431000|0.1359|1|2023-05-08 19:09:20
37415000|0.1005|0|2023-05-08 19:09:21
37413000|0.0056|0|2023-05-08 19:09:21
37412000|0.1239|0|2023-05-08 19:09:21
37411000|0.0645|0|2023-05-08 19:09:21
37410000|0.1116|0|2023-05-08 19:09:21
37422000|0.0016|1|2023-05-08 19:09:21
37424000|0.0152|1|2023-05-08 19:09:21
37428000|0.0512|1|2023-05-08 19:09:21
37429000|0.1505|1|2023-05-08 19:09:21
37431000|0.1359|1|2023-05-08 19:09:21
37413000|0.0056|0|2023-05-08 19:09:22
37411000|0.0645|0|2023-05-08 19:09:22
37410000|0.0572|0|2023-05-08 19:09:22
37408000|0.0448|0|2023-05-08 19:09:22
37407000|0.104|0|2023-05-08 19:09:22
37415000|0.0851|1|2023-05-08 19:09:22
37420000|0.0899|1|2023-05-08 19:09:22
37422000|0.0159|1|2023-05-08 19:09:22
37423000|0.0837|1|2023-05-08 19:09:22
37424000|0.0152|1|2023-05-08 19:09:22
37407000|0.0793|0|2023-05-08 19:09:23
37405000|0.0878|0|2023-05-08 19:09:23
37404000|0.0056|0|2023-05-08 19:09:23
37401000|0.1025|0|2023-05-08 19:09:23
37399000|0.0868|0|2023-05-08 19:09:23
37415000|0.0851|1|2023-05-08 19:09:23
37417000|0.0899|1|2023-05-08 19:09:23
37418000|0.0081|1|2023-05-08 19:09:23
37420000|0.138|1|2023-05-08 19:09:23
37422000|0.0971|1|2023-05-08 19:09:23
37407000|0.0153|0|2023-05-08 19:09:24
37405000|0.0878|0|2023-05-08 19:09:24
37404000|0.0056|0|2023-05-08 19:09:24
37401000|0.1025|0|2023-05-08 19:09:24
37399000|0.0868|0|2023-05-08 19:09:24
37415000|0.0851|1|2023-05-08 19:09:24
37417000|0.0899|1|2023-05-08 19:09:24
37418000|0.0081|1|2023-05-08 19:09:24
37420000|0.2004|1|2023-05-08 19:09:24
37422000|0.0971|1|2023-05-08 19:09:24
37407000|0.0153|0|2023-05-08 19:09:25
37405000|0.0878|0|2023-05-08 19:09:25
37404000|0.0056|0|2023-05-08 19:09:25
37401000|0.1664|0|2023-05-08 19:09:25
37399000|0.0868|0|2023-05-08 19:09:25
37415000|0.0851|1|2023-05-08 19:09:25
37417000|0.0899|1|2023-05-08 19:09:25
37418000|0.0081|1|2023-05-08 19:09:25
37420000|0.2004|1|2023-05-08 19:09:25
37422000|0.0971|1|2023-05-08 19:09:25
37407000|0.0153|0|2023-05-08 19:09:26
37405000|0.0878|0|2023-05-08 19:09:26
37404000|0.0056|0|2023-05-08 19:09:26
37401000|0.1664|0|2023-05-08 19:09:26
37399000|0.0868|0|2023-05-08 19:09:26
37415000|0.0851|1|2023-05-08 19:09:26
37417000|0.0899|1|2023-05-08 19:09:26
37418000|0.0081|1|2023-05-08 19:09:26
37420000|0.2004|1|2023-05-08 19:09:26
37422000|0.0971|1|2023-05-08 19:09:26
37407000|0.0153|0|2023-05-08 19:09:27
37405000|0.0878|0|2023-05-08 19:09:27
37404000|0.0056|0|2023-05-08 19:09:27
37401000|0.1664|0|2023-05-08 19:09:27
37399000|0.0868|0|2023-05-08 19:09:27
37415000|0.0851|1|2023-05-08 19:09:27
37417000|0.0899|1|2023-05-08 19:09:27
37418000|0.0081|1|2023-05-08 19:09:27
37420000|0.2004|1|2023-05-08 19:09:27
37422000|0.0971|1|2023-05-08 19:09:27
37407000|0.0153|0|2023-05-08 19:09:28
37405000|0.0878|0|2023-05-08 19:09:28
37404000|0.0056|0|2023-05-08 19:09:28
37401000|0.1664|0|2023-05-08 19:09:28
37399000|0.0868|0|2023-05-08 19:09:28
37415000|0.0851|1|2023-05-08 19:09:28
37417000|0.0899|1|2023-05-08 19:09:28
37418000|0.0081|1|2023-05-08 19:09:28
37420000|0.2004|1|2023-05-08 19:09:28
37422000|0.0971|1|2023-05-08 19:09:28
37407000|0.0153|0|2023-05-08 19:09:29
37405000|0.0878|0|2023-05-08 19:09:29
37404000|0.0056|0|2023-05-08 19:09:29
37401000|0.1664|0|2023-05-08 19:09:29
37399000|0.0868|0|2023-05-08 19:09:29
37415000|0.1451|1|2023-05-08 19:09:29
37417000|0.0899|1|2023-05-08 19:09:29
37418000|0.0081|1|2023-05-08 19:09:29
37420000|0.1523|1|2023-05-08 19:09:29
37422000|0.0971|1|2023-05-08 19:09:29
37407000|0.0153|0|2023-05-08 19:09:30
37405000|0.0878|0|2023-05-08 19:09:30
37404000|0.0056|0|2023-05-08 19:09:30
37401000|0.1664|0|2023-05-08 19:09:30
37399000|0.0868|0|2023-05-08 19:09:30
37415000|0.1451|1|2023-05-08 19:09:30
37417000|0.0899|1|2023-05-08 19:09:30
37418000|0.0081|1|2023-05-08 19:09:30
37420000|0.0899|1|2023-05-08 19:09:30
37422000|0.0971|1|2023-05-08 19:09:30
37407000|0.0153|0|2023-05-08 19:09:31
37405000|0.0878|0|2023-05-08 19:09:31
37404000|0.0056|0|2023-05-08 19:09:31
37401000|0.1664|0|2023-05-08 19:09:31
37399000|0.0868|0|2023-05-08 19:09:31
37415000|0.1451|1|2023-05-08 19:09:31
37417000|0.0899|1|2023-05-08 19:09:31
37418000|0.0081|1|2023-05-08 19:09:31
37420000|0.0899|1|2023-05-08 19:09:31
37422000|0.0971|1|2023-05-08 19:09:31
37407000|0.0153|0|2023-05-08 19:09:32
37405000|0.0878|0|2023-05-08 19:09:32
37404000|0.0056|0|2023-05-08 19:09:32
37401000|0.1664|0|2023-05-08 19:09:32
37399000|0.0868|0|2023-05-08 19:09:32
37415000|0.1451|1|2023-05-08 19:09:32
37417000|0.0899|1|2023-05-08 19:09:32
37418000|0.0081|1|2023-05-08 19:09:32
37420000|0.0899|1|2023-05-08 19:09:32
37422000|0.0971|1|2023-05-08 19:09:32
37407000|0.0153|0|2023-05-08 19:09:33
37405000|0.0878|0|2023-05-08 19:09:33
37404000|0.0056|0|2023-05-08 19:09:33
37401000|0.1664|0|2023-05-08 19:09:33
37399000|0.0868|0|2023-05-08 19:09:33
37415000|0.1451|1|2023-05-08 19:09:33
37417000|0.0899|1|2023-05-08 19:09:33
37418000|0.0081|1|2023-05-08 19:09:33
37420000|0.0899|1|2023-05-08 19:09:33
37422000|0.0971|1|2023-05-08 19:09:33
37407000|0.0153|0|2023-05-08 19:09:34
37405000|0.0878|0|2023-05-08 19:09:34
37404000|0.0056|0|2023-05-08 19:09:34
37401000|0.1664|0|2023-05-08 19:09:34
37399000|0.0868|0|2023-05-08 19:09:34
37415000|0.1451|1|2023-05-08 19:09:34
37417000|0.0899|1|2023-05-08 19:09:34
37418000|0.0081|1|2023-05-08 19:09:34
37420000|0.0899|1|2023-05-08 19:09:34
37422000|0.0971|1|2023-05-08 19:09:34
37407000|0.0153|0|2023-05-08 19:09:35
37405000|0.0878|0|2023-05-08 19:09:35
37404000|0.0056|0|2023-05-08 19:09:35
37401000|0.1664|0|2023-05-08 19:09:35
37399000|0.0868|0|2023-05-08 19:09:35
37415000|0.1451|1|2023-05-08 19:09:35
37417000|0.0899|1|2023-05-08 19:09:35
37418000|0.0081|1|2023-05-08 19:09:35
37420000|0.0899|1|2023-05-08 19:09:35
37422000|0.0971|1|2023-05-08 19:09:35
37407000|0.0153|0|2023-05-08 19:09:36
37405000|0.0878|0|2023-05-08 19:09:36
37404000|0.0056|0|2023-05-08 19:09:36
37401000|0.1664|0|2023-05-08 19:09:36
37399000|0.0868|0|2023-05-08 19:09:36
37415000|0.1451|1|2023-05-08 19:09:36
37417000|0.0899|1|2023-05-08 19:09:36
37418000|0.0081|1|2023-05-08 19:09:36
37420000|0.0899|1|2023-05-08 19:09:36
37422000|0.0971|1|2023-05-08 19:09:36
37398000|0.0161|0|2023-05-08 19:09:37
37395000|0.0152|0|2023-05-08 19:09:37
37393000|0.1409|0|2023-05-08 19:09:37
37392000|0.1275|0|2023-05-08 19:09:37
37391000|1.3329|0|2023-05-08 19:09:37
37405000|0.3483|1|2023-05-08 19:09:37
37406000|0.0133|1|2023-05-08 19:09:37
37408000|0.0048|1|2023-05-08 19:09:37
37411000|0.0384|1|2023-05-08 19:09:37
37413000|0.1929|1|2023-05-08 19:09:37
37395000|0.01|0|2023-05-08 19:09:38
37393000|0.1409|0|2023-05-08 19:09:38
37392000|0.135|0|2023-05-08 19:09:38
37391000|1.3329|0|2023-05-08 19:09:38
37388000|0.0399|0|2023-05-08 19:09:38
37405000|0.3483|1|2023-05-08 19:09:38
37406000|0.0965|1|2023-05-08 19:09:38
37408000|0.0667|1|2023-05-08 19:09:38
37410000|0.0093|1|2023-05-08 19:09:38
37411000|0.0384|1|2023-05-08 19:09:38
37395000|0.01|0|2023-05-08 19:09:39
37393000|0.1409|0|2023-05-08 19:09:39
37392000|0.135|0|2023-05-08 19:09:39
37391000|0.0409|0|2023-05-08 19:09:39
37388000|0.0399|0|2023-05-08 19:09:39
37405000|0.3483|1|2023-05-08 19:09:39
37406000|0.0965|1|2023-05-08 19:09:39
37408000|0.0667|1|2023-05-08 19:09:39
37410000|0.0093|1|2023-05-08 19:09:39
37411000|0.0384|1|2023-05-08 19:09:39
37395000|0.01|0|2023-05-08 19:09:40
37393000|0.1409|0|2023-05-08 19:09:40
37392000|0.135|0|2023-05-08 19:09:40
37391000|0.0409|0|2023-05-08 19:09:40
37388000|0.0399|0|2023-05-08 19:09:40
37405000|0.3483|1|2023-05-08 19:09:40
37406000|0.0965|1|2023-05-08 19:09:40
37408000|0.0667|1|2023-05-08 19:09:40
37410000|0.0093|1|2023-05-08 19:09:40
37411000|0.0384|1|2023-05-08 19:09:40
37395000|0.01|0|2023-05-08 19:09:41
37393000|0.1409|0|2023-05-08 19:09:41
37392000|0.135|0|2023-05-08 19:09:41
37391000|0.0409|0|2023-05-08 19:09:41
37388000|0.0399|0|2023-05-08 19:09:41
37405000|0.3483|1|2023-05-08 19:09:41
37406000|0.0965|1|2023-05-08 19:09:41
37408000|0.0619|1|2023-05-08 19:09:41
37410000|0.0093|1|2023-05-08 19:09:41
37411000|0.0384|1|2023-05-08 19:09:41
37395000|0.01|0|2023-05-08 19:09:42
37393000|0.1409|0|2023-05-08 19:09:42
37392000|0.135|0|2023-05-08 19:09:42
37391000|0.0409|0|2023-05-08 19:09:42
37388000|0.0399|0|2023-05-08 19:09:42
37405000|0.2452|1|2023-05-08 19:09:42
37406000|0.0965|1|2023-05-08 19:09:42
37408000|0.0619|1|2023-05-08 19:09:42
37410000|0.0093|1|2023-05-08 19:09:42
37411000|0.0384|1|2023-05-08 19:09:42
37395000|0.01|0|2023-05-08 19:09:43
37393000|0.1409|0|2023-05-08 19:09:43
37392000|0.135|0|2023-05-08 19:09:43
37391000|0.0409|0|2023-05-08 19:09:43
37388000|0.0399|0|2023-05-08 19:09:43
37405000|0.2452|1|2023-05-08 19:09:43
37406000|0.0965|1|2023-05-08 19:09:43
37408000|0.0619|1|2023-05-08 19:09:43
37410000|0.0093|1|2023-05-08 19:09:43
37411000|0.0384|1|2023-05-08 19:09:43
37395000|0.01|0|2023-05-08 19:09:44
37393000|0.1409|0|2023-05-08 19:09:44
37392000|0.135|0|2023-05-08 19:09:44
37391000|0.0409|0|2023-05-08 19:09:44
37388000|0.0399|0|2023-05-08 19:09:44
37405000|0.2452|1|2023-05-08 19:09:44
37406000|0.0965|1|2023-05-08 19:09:44
37408000|0.0619|1|2023-05-08 19:09:44
37410000|0.0093|1|2023-05-08 19:09:44
37411000|0.0384|1|2023-05-08 19:09:44
37395000|0.01|0|2023-05-08 19:09:45
37393000|0.1409|0|2023-05-08 19:09:45
37392000|0.135|0|2023-05-08 19:09:45
37391000|0.0409|0|2023-05-08 19:09:45
37388000|0.0399|0|2023-05-08 19:09:45
37405000|0.2452|1|2023-05-08 19:09:45
37406000|0.0965|1|2023-05-08 19:09:45
37408000|0.0619|1|2023-05-08 19:09:45
37410000|0.0093|1|2023-05-08 19:09:45
37411000|0.0384|1|2023-05-08 19:09:45
37395000|0.01|0|2023-05-08 19:09:46
37393000|0.1409|0|2023-05-08 19:09:46
37392000|0.135|0|2023-05-08 19:09:46
37391000|0.0409|0|2023-05-08 19:09:46
37388000|0.0399|0|2023-05-08 19:09:46
37405000|0.2452|1|2023-05-08 19:09:46
37406000|0.0965|1|2023-05-08 19:09:46
37408000|0.0619|1|2023-05-08 19:09:46
37410000|0.0093|1|2023-05-08 19:09:46
37411000|0.0384|1|2023-05-08 19:09:46
37395000|0.01|0|2023-05-08 19:09:47
37393000|0.1409|0|2023-05-08 19:09:47
37392000|0.135|0|2023-05-08 19:09:47
37391000|0.0409|0|2023-05-08 19:09:47
37388000|0.0399|0|2023-05-08 19:09:47
37405000|0.2452|1|2023-05-08 19:09:47
37406000|0.0965|1|2023-05-08 19:09:47
37408000|0.0619|1|2023-05-08 19:09:47
37410000|0.0093|1|2023-05-08 19:09:47
37411000|0.0384|1|2023-05-08 19:09:47
37395000|0.01|0|2023-05-08 19:09:48
37393000|0.1409|0|2023-05-08 19:09:48
37392000|0.135|0|2023-05-08 19:09:48
37391000|0.0409|0|2023-05-08 19:09:48
37388000|0.0399|0|2023-05-08 19:09:48
37405000|0.2452|1|2023-05-08 19:09:48
37406000|0.0965|1|2023-05-08 19:09:48
37408000|0.0619|1|2023-05-08 19:09:48
37410000|0.0093|1|2023-05-08 19:09:48
37411000|0.0384|1|2023-05-08 19:09:48
37395000|0.01|0|2023-05-08 19:09:49
37393000|0.1409|0|2023-05-08 19:09:49
37392000|0.135|0|2023-05-08 19:09:49
37391000|0.0409|0|2023-05-08 19:09:49
37388000|0.0399|0|2023-05-08 19:09:49
37405000|0.2452|1|2023-05-08 19:09:49
37406000|0.0965|1|2023-05-08 19:09:49
37408000|0.0619|1|2023-05-08 19:09:49
37410000|0.0093|1|2023-05-08 19:09:49
37411000|0.0384|1|2023-05-08 19:09:49
37395000|0.01|0|2023-05-08 19:09:50
37393000|0.1409|0|2023-05-08 19:09:50
37392000|0.135|0|2023-05-08 19:09:50
37391000|0.0409|0|2023-05-08 19:09:50
37388000|0.0399|0|2023-05-08 19:09:50
37405000|0.2452|1|2023-05-08 19:09:50
37406000|0.0965|1|2023-05-08 19:09:50
37408000|0.0619|1|2023-05-08 19:09:50
37410000|0.0093|1|2023-05-08 19:09:50
37411000|0.0384|1|2023-05-08 19:09:50
37395000|0.01|0|2023-05-08 19:09:51
37393000|0.1409|0|2023-05-08 19:09:51
37392000|0.135|0|2023-05-08 19:09:51
37391000|0.0409|0|2023-05-08 19:09:51
37388000|0.0399|0|2023-05-08 19:09:51
37405000|0.2452|1|2023-05-08 19:09:51
37406000|0.0965|1|2023-05-08 19:09:51
37408000|0.0619|1|2023-05-08 19:09:51
37410000|0.0093|1|2023-05-08 19:09:51
37411000|0.0384|1|2023-05-08 19:09:51
37395000|0.01|0|2023-05-08 19:09:52
37393000|0.1409|0|2023-05-08 19:09:52
37392000|0.135|0|2023-05-08 19:09:52
37391000|0.0409|0|2023-05-08 19:09:52
37388000|0.0399|0|2023-05-08 19:09:52
37405000|0.2452|1|2023-05-08 19:09:52
37406000|0.0965|1|2023-05-08 19:09:52
37408000|0.0619|1|2023-05-08 19:09:52
37410000|0.0093|1|2023-05-08 19:09:52
37411000|0.0384|1|2023-05-08 19:09:52
37395000|0.01|0|2023-05-08 19:09:53
37393000|0.1409|0|2023-05-08 19:09:53
37392000|0.135|0|2023-05-08 19:09:53
37391000|0.0409|0|2023-05-08 19:09:53
37390000|0.0082|0|2023-05-08 19:09:53
37405000|0.2468|1|2023-05-08 19:09:53
37406000|0.0965|1|2023-05-08 19:09:53
37408000|0.0619|1|2023-05-08 19:09:53
37410000|0.0563|1|2023-05-08 19:09:53
37411000|0.0384|1|2023-05-08 19:09:53
37395000|0.01|0|2023-05-08 19:09:54
37393000|0.1409|0|2023-05-08 19:09:54
37392000|0.135|0|2023-05-08 19:09:54
37391000|0.0409|0|2023-05-08 19:09:54
37390000|0.0082|0|2023-05-08 19:09:54
37405000|0.2468|1|2023-05-08 19:09:54
37406000|0.0965|1|2023-05-08 19:09:54
37408000|0.0619|1|2023-05-08 19:09:54
37410000|0.0563|1|2023-05-08 19:09:54
37411000|0.0384|1|2023-05-08 19:09:54
37397000|0.0647|0|2023-05-08 19:09:55
37395000|0.01|0|2023-05-08 19:09:55
37393000|0.1409|0|2023-05-08 19:09:55
37392000|0.0708|0|2023-05-08 19:09:55
37391000|0.0409|0|2023-05-08 19:09:55
37405000|0.2078|1|2023-05-08 19:09:55
37406000|0.0965|1|2023-05-08 19:09:55
37410000|0.0563|1|2023-05-08 19:09:55
37411000|0.0384|1|2023-05-08 19:09:55
37412000|0.0618|1|2023-05-08 19:09:55
37397000|0.0647|0|2023-05-08 19:09:56
37396000|0.0895|0|2023-05-08 19:09:56
37395000|0.01|0|2023-05-08 19:09:56
37393000|0.1409|0|2023-05-08 19:09:56
37392000|0.0708|0|2023-05-08 19:09:56
37405000|0.1047|1|2023-05-08 19:09:56
37406000|0.0132|1|2023-05-08 19:09:56
37410000|0.0718|1|2023-05-08 19:09:56
37411000|0.0384|1|2023-05-08 19:09:56
37412000|0.0618|1|2023-05-08 19:09:56
37397000|0.0647|0|2023-05-08 19:09:57
37396000|0.0895|0|2023-05-08 19:09:57
37395000|0.01|0|2023-05-08 19:09:57
37393000|0.1409|0|2023-05-08 19:09:57
37392000|0.0708|0|2023-05-08 19:09:57
37405000|0.1047|1|2023-05-08 19:09:57
37406000|0.0132|1|2023-05-08 19:09:57
37410000|0.1549|1|2023-05-08 19:09:57
37411000|0.0384|1|2023-05-08 19:09:57
37412000|0.0618|1|2023-05-08 19:09:57
37397000|0.0647|0|2023-05-08 19:09:58
37396000|0.0895|0|2023-05-08 19:09:58
37395000|0.01|0|2023-05-08 19:09:58
37393000|0.1409|0|2023-05-08 19:09:58
37392000|0.0708|0|2023-05-08 19:09:58
37405000|0.1047|1|2023-05-08 19:09:58
37406000|0.0132|1|2023-05-08 19:09:58
37410000|0.1549|1|2023-05-08 19:09:58
37411000|0.0384|1|2023-05-08 19:09:58
37412000|0.0618|1|2023-05-08 19:09:58
37397000|0.0647|0|2023-05-08 19:09:59
37396000|0.0895|0|2023-05-08 19:09:59
37395000|0.01|0|2023-05-08 19:09:59
37393000|0.1409|0|2023-05-08 19:09:59
37392000|0.0708|0|2023-05-08 19:09:59
37405000|0.1047|1|2023-05-08 19:09:59
37406000|0.0132|1|2023-05-08 19:09:59
37410000|0.1549|1|2023-05-08 19:09:59
37411000|0.0384|1|2023-05-08 19:09:59
37412000|0.0618|1|2023-05-08 19:09:59
37405000|0.2565|0|2023-05-08 19:10:00
37397000|0.0647|0|2023-05-08 19:10:00
37396000|0.0895|0|2023-05-08 19:10:00
37395000|0.01|0|2023-05-08 19:10:00
37393000|0.1409|0|2023-05-08 19:10:00
37410000|0.1549|1|2023-05-08 19:10:00
37412000|0.0618|1|2023-05-08 19:10:00
37413000|0.0858|1|2023-05-08 19:10:00
37414000|0.1329|1|2023-05-08 19:10:00
37415000|0.0559|1|2023-05-08 19:10:00
37405000|0.1243|0|2023-05-08 19:10:01
37397000|0.0647|0|2023-05-08 19:10:01
37396000|0.0895|0|2023-05-08 19:10:01
37395000|0.0157|0|2023-05-08 19:10:01
37393000|0.1409|0|2023-05-08 19:10:01
37410000|0.1549|1|2023-05-08 19:10:01
37413000|0.0858|1|2023-05-08 19:10:01
37414000|0.1909|1|2023-05-08 19:10:01
37415000|0.0607|1|2023-05-08 19:10:01
37416000|0.0381|1|2023-05-08 19:10:01
37405000|0.1243|0|2023-05-08 19:10:02
37397000|0.0647|0|2023-05-08 19:10:02
37396000|0.0895|0|2023-05-08 19:10:02
37395000|0.0157|0|2023-05-08 19:10:02
37393000|0.1409|0|2023-05-08 19:10:02
37410000|0.1549|1|2023-05-08 19:10:02
37413000|0.0858|1|2023-05-08 19:10:02
37414000|0.1909|1|2023-05-08 19:10:02
37415000|0.1246|1|2023-05-08 19:10:02
37416000|0.0381|1|2023-05-08 19:10:02
37405000|0.1243|0|2023-05-08 19:10:03
37397000|0.0647|0|2023-05-08 19:10:03
37396000|0.0895|0|2023-05-08 19:10:03
37395000|0.0157|0|2023-05-08 19:10:03
37393000|0.1409|0|2023-05-08 19:10:03
37410000|0.1549|1|2023-05-08 19:10:03
37413000|0.0858|1|2023-05-08 19:10:03
37414000|0.1909|1|2023-05-08 19:10:03
37415000|0.1246|1|2023-05-08 19:10:03
37416000|0.0381|1|2023-05-08 19:10:03
37405000|0.1243|0|2023-05-08 19:10:04
37397000|0.0647|0|2023-05-08 19:10:04
37396000|0.0895|0|2023-05-08 19:10:04
37395000|0.0157|0|2023-05-08 19:10:04
37393000|0.1409|0|2023-05-08 19:10:04
37410000|0.1549|1|2023-05-08 19:10:04
37413000|0.0858|1|2023-05-08 19:10:04
37414000|0.1909|1|2023-05-08 19:10:04
37415000|0.1246|1|2023-05-08 19:10:04
37416000|0.0381|1|2023-05-08 19:10:04
37405000|0.1243|0|2023-05-08 19:10:05
37397000|0.0647|0|2023-05-08 19:10:05
37396000|0.0895|0|2023-05-08 19:10:05
37395000|0.0157|0|2023-05-08 19:10:05
37393000|0.1409|0|2023-05-08 19:10:05
37410000|0.1549|1|2023-05-08 19:10:05
37413000|0.0858|1|2023-05-08 19:10:05
37414000|0.1909|1|2023-05-08 19:10:05
37415000|0.1246|1|2023-05-08 19:10:05
37416000|0.0381|1|2023-05-08 19:10:05
37405000|0.1243|0|2023-05-08 19:10:06
37397000|0.0647|0|2023-05-08 19:10:06
37396000|0.0895|0|2023-05-08 19:10:06
37395000|0.0157|0|2023-05-08 19:10:06
37393000|0.1409|0|2023-05-08 19:10:06
37410000|0.1549|1|2023-05-08 19:10:06
37413000|0.0858|1|2023-05-08 19:10:06
37414000|0.1909|1|2023-05-08 19:10:06
37415000|0.1246|1|2023-05-08 19:10:06
37416000|0.0381|1|2023-05-08 19:10:06
37405000|0.1243|0|2023-05-08 19:10:07
37399000|0.0853|0|2023-05-08 19:10:07
37397000|0.0647|0|2023-05-08 19:10:07
37396000|0.0895|0|2023-05-08 19:10:07
37395000|0.0157|0|2023-05-08 19:10:07
37410000|0.0718|1|2023-05-08 19:10:07
37413000|0.0858|1|2023-05-08 19:10:07
37414000|0.1909|1|2023-05-08 19:10:07
37415000|0.1246|1|2023-05-08 19:10:07
37416000|0.0381|1|2023-05-08 19:10:07
37405000|0.1243|0|2023-05-08 19:10:08
37399000|0.0853|0|2023-05-08 19:10:08
37397000|0.0647|0|2023-05-08 19:10:08
37396000|0.0895|0|2023-05-08 19:10:08
37395000|0.0157|0|2023-05-08 19:10:08
37410000|0.0718|1|2023-05-08 19:10:08
37413000|0.0858|1|2023-05-08 19:10:08
37414000|0.1329|1|2023-05-08 19:10:08
37415000|0.1246|1|2023-05-08 19:10:08
37416000|0.0381|1|2023-05-08 19:10:08
37405000|0.1243|0|2023-05-08 19:10:09
37399000|0.0853|0|2023-05-08 19:10:09
37397000|0.0647|0|2023-05-08 19:10:09
37396000|0.0895|0|2023-05-08 19:10:09
37395000|0.0157|0|2023-05-08 19:10:09
37410000|0.0718|1|2023-05-08 19:10:09
37413000|0.0858|1|2023-05-08 19:10:09
37414000|0.1329|1|2023-05-08 19:10:09
37415000|0.1246|1|2023-05-08 19:10:09
37416000|0.0381|1|2023-05-08 19:10:09
37405000|0.1243|0|2023-05-08 19:10:10
37399000|0.0853|0|2023-05-08 19:10:10
37397000|0.0647|0|2023-05-08 19:10:10
37396000|0.0895|0|2023-05-08 19:10:10
37395000|0.0157|0|2023-05-08 19:10:10
37410000|0.0718|1|2023-05-08 19:10:10
37413000|0.0858|1|2023-05-08 19:10:10
37414000|0.1329|1|2023-05-08 19:10:10
37415000|0.1246|1|2023-05-08 19:10:10
37416000|0.0381|1|2023-05-08 19:10:10
37405000|0.1243|0|2023-05-08 19:10:11
37399000|0.0853|0|2023-05-08 19:10:11
37397000|0.0647|0|2023-05-08 19:10:11
37396000|0.0895|0|2023-05-08 19:10:11
37395000|0.0157|0|2023-05-08 19:10:11
37410000|0.0718|1|2023-05-08 19:10:11
37413000|0.0858|1|2023-05-08 19:10:11
37414000|0.1329|1|2023-05-08 19:10:11
37415000|0.1246|1|2023-05-08 19:10:11
37416000|0.0381|1|2023-05-08 19:10:11
37405000|0.1243|0|2023-05-08 19:10:12
37399000|0.0853|0|2023-05-08 19:10:12
37397000|0.0647|0|2023-05-08 19:10:12
37396000|0.0895|0|2023-05-08 19:10:12
37395000|0.0157|0|2023-05-08 19:10:12
37410000|0.0718|1|2023-05-08 19:10:12
37413000|0.0858|1|2023-05-08 19:10:12
37414000|0.1329|1|2023-05-08 19:10:12
37415000|0.1246|1|2023-05-08 19:10:12
37416000|0.0381|1|2023-05-08 19:10:12
37405000|0.1243|0|2023-05-08 19:10:13
37399000|0.0853|0|2023-05-08 19:10:13
37397000|0.0647|0|2023-05-08 19:10:13
37396000|0.0895|0|2023-05-08 19:10:13
37395000|0.0157|0|2023-05-08 19:10:13
37410000|0.0718|1|2023-05-08 19:10:13
37413000|0.0858|1|2023-05-08 19:10:13
37414000|0.1329|1|2023-05-08 19:10:13
37415000|0.1246|1|2023-05-08 19:10:13
37416000|0.0381|1|2023-05-08 19:10:13
37405000|0.1243|0|2023-05-08 19:10:14
37399000|0.0853|0|2023-05-08 19:10:14
37397000|0.0647|0|2023-05-08 19:10:14
37396000|0.0895|0|2023-05-08 19:10:14
37395000|0.0157|0|2023-05-08 19:10:14
37410000|0.0718|1|2023-05-08 19:10:14
37413000|0.0858|1|2023-05-08 19:10:14
37414000|0.1329|1|2023-05-08 19:10:14
37415000|0.1246|1|2023-05-08 19:10:14
37416000|0.0381|1|2023-05-08 19:10:14
37405000|0.1243|0|2023-05-08 19:10:15
37399000|0.0853|0|2023-05-08 19:10:15
37397000|0.0647|0|2023-05-08 19:10:15
37396000|0.0895|0|2023-05-08 19:10:15
37395000|0.0157|0|2023-05-08 19:10:15
37410000|0.0718|1|2023-05-08 19:10:15
37413000|0.0858|1|2023-05-08 19:10:15
37414000|0.1329|1|2023-05-08 19:10:15
37415000|0.1246|1|2023-05-08 19:10:15
37416000|0.0381|1|2023-05-08 19:10:15
37405000|0.1243|0|2023-05-08 19:10:16
37399000|0.0853|0|2023-05-08 19:10:16
37397000|0.0647|0|2023-05-08 19:10:16
37396000|0.0895|0|2023-05-08 19:10:16
37395000|0.0157|0|2023-05-08 19:10:16
37410000|0.0718|1|2023-05-08 19:10:16
37413000|0.0858|1|2023-05-08 19:10:16
37414000|0.1329|1|2023-05-08 19:10:16
37415000|0.1246|1|2023-05-08 19:10:16
37416000|0.0381|1|2023-05-08 19:10:16
37405000|0.1243|0|2023-05-08 19:10:17
37399000|0.0853|0|2023-05-08 19:10:17
37397000|0.0647|0|2023-05-08 19:10:17
37396000|0.0895|0|2023-05-08 19:10:17
37395000|0.0157|0|2023-05-08 19:10:17
37410000|0.0718|1|2023-05-08 19:10:17
37413000|0.0858|1|2023-05-08 19:10:17
37414000|0.1329|1|2023-05-08 19:10:17
37415000|0.1246|1|2023-05-08 19:10:17
37416000|0.0381|1|2023-05-08 19:10:17
37405000|0.1243|0|2023-05-08 19:10:18
37399000|0.0853|0|2023-05-08 19:10:18
37397000|0.0647|0|2023-05-08 19:10:18
37396000|0.0895|0|2023-05-08 19:10:18
37395000|0.0157|0|2023-05-08 19:10:18
37410000|0.0718|1|2023-05-08 19:10:18
37413000|0.0858|1|2023-05-08 19:10:18
37414000|0.1329|1|2023-05-08 19:10:18
37415000|0.1246|1|2023-05-08 19:10:18
37416000|0.0381|1|2023-05-08 19:10:18
37410000|0.0517|0|2023-05-08 19:10:19
37405000|0.1243|0|2023-05-08 19:10:19
37402000|0.0885|0|2023-05-08 19:10:19
37401000|0.0158|0|2023-05-08 19:10:19
37399000|0.1274|0|2023-05-08 19:10:19
37414000|0.0842|1|2023-05-08 19:10:19
37415000|0.1246|1|2023-05-08 19:10:19
37417000|0.0899|1|2023-05-08 19:10:19
37418000|0.0081|1|2023-05-08 19:10:19
37422000|0.0447|1|2023-05-08 19:10:19
37410000|0.0517|0|2023-05-08 19:10:20
37405000|0.2114|0|2023-05-08 19:10:20
37404000|0.0055|0|2023-05-08 19:10:20
37402000|0.0885|0|2023-05-08 19:10:20
37401000|0.0793|0|2023-05-08 19:10:20
37415000|0.1198|1|2023-05-08 19:10:20
37418000|0.0081|1|2023-05-08 19:10:20
37420000|0.058|1|2023-05-08 19:10:20
37421000|0.5345|1|2023-05-08 19:10:20
37422000|0.0447|1|2023-05-08 19:10:20
37410000|0.0517|0|2023-05-08 19:10:21
37405000|0.2114|0|2023-05-08 19:10:21
37404000|0.0055|0|2023-05-08 19:10:21
37402000|0.0885|0|2023-05-08 19:10:21
37401000|0.0793|0|2023-05-08 19:10:21
37415000|0.1198|1|2023-05-08 19:10:21
37418000|0.0081|1|2023-05-08 19:10:21
37420000|0.058|1|2023-05-08 19:10:21
37421000|0.5345|1|2023-05-08 19:10:21
37422000|0.0447|1|2023-05-08 19:10:21
37410000|0.028|0|2023-05-08 19:10:22
37405000|0.2114|0|2023-05-08 19:10:22
37404000|0.0055|0|2023-05-08 19:10:22
37402000|0.0885|0|2023-05-08 19:10:22
37401000|0.0793|0|2023-05-08 19:10:22
37415000|0.1198|1|2023-05-08 19:10:22
37417000|0.0861|1|2023-05-08 19:10:22
37418000|0.0081|1|2023-05-08 19:10:22
37420000|0.058|1|2023-05-08 19:10:22
37422000|0.579|1|2023-05-08 19:10:22
37410000|0.028|0|2023-05-08 19:10:23
37405000|0.2114|0|2023-05-08 19:10:23
37404000|0.0055|0|2023-05-08 19:10:23
37402000|0.0885|0|2023-05-08 19:10:23
37401000|0.0793|0|2023-05-08 19:10:23
37415000|0.1198|1|2023-05-08 19:10:23
37417000|0.0861|1|2023-05-08 19:10:23
37418000|0.0081|1|2023-05-08 19:10:23
37420000|0.058|1|2023-05-08 19:10:23
37422000|0.579|1|2023-05-08 19:10:23
37410000|0.0204|0|2023-05-08 19:10:24
37405000|0.2114|0|2023-05-08 19:10:24
37404000|0.0685|0|2023-05-08 19:10:24
37402000|0.0885|0|2023-05-08 19:10:24
37401000|0.0793|0|2023-05-08 19:10:24
37415000|0.0559|1|2023-05-08 19:10:24
37417000|0.0861|1|2023-05-08 19:10:24
37418000|0.0081|1|2023-05-08 19:10:24
37420000|0.058|1|2023-05-08 19:10:24
37422000|0.579|1|2023-05-08 19:10:24
37418000|0.0411|0|2023-05-08 19:10:25
37417000|0.237|0|2023-05-08 19:10:25
37416000|0.0949|0|2023-05-08 19:10:25
37415000|0.1336|0|2023-05-08 19:10:25
37413000|0.0056|0|2023-05-08 19:10:25
37422000|0.0016|1|2023-05-08 19:10:25
37431000|0.0315|1|2023-05-08 19:10:25
37432000|0.0586|1|2023-05-08 19:10:25
37433000|0.098|1|2023-05-08 19:10:25
37434000|0.1|1|2023-05-08 19:10:25
37420000|0.0394|0|2023-05-08 19:10:26
37418000|0.1043|0|2023-05-08 19:10:26
37417000|0.237|0|2023-05-08 19:10:26
37416000|0.0949|0|2023-05-08 19:10:26
37415000|0.0691|0|2023-05-08 19:10:26
37422000|0.0016|1|2023-05-08 19:10:26
37431000|0.0315|1|2023-05-08 19:10:26
37432000|0.0586|1|2023-05-08 19:10:26
37433000|0.098|1|2023-05-08 19:10:26
37434000|0.1899|1|2023-05-08 19:10:26
37418000|0.1567|0|2023-05-08 19:10:27
37417000|0.237|0|2023-05-08 19:10:27
37416000|0.0559|0|2023-05-08 19:10:27
37415000|0.1077|0|2023-05-08 19:10:27
37412000|0.0938|0|2023-05-08 19:10:27
37422000|0.0014|1|2023-05-08 19:10:27
37431000|0.0315|1|2023-05-08 19:10:27
37432000|0.0586|1|2023-05-08 19:10:27
37433000|0.098|1|2023-05-08 19:10:27
37434000|0.1899|1|2023-05-08 19:10:27
37418000|0.1567|0|2023-05-08 19:10:28
37417000|0.237|0|2023-05-08 19:10:28
37416000|0.0559|0|2023-05-08 19:10:28
37415000|0.1077|0|2023-05-08 19:10:28
37412000|0.0938|0|2023-05-08 19:10:28
37422000|0.0014|1|2023-05-08 19:10:28
37431000|0.0315|1|2023-05-08 19:10:28
37432000|0.0586|1|2023-05-08 19:10:28
37433000|0.098|1|2023-05-08 19:10:28
37434000|0.1899|1|2023-05-08 19:10:28
37418000|0.1567|0|2023-05-08 19:10:29
37416000|0.0559|0|2023-05-08 19:10:29
37415000|0.1077|0|2023-05-08 19:10:29
37412000|0.0938|0|2023-05-08 19:10:29
37411000|0.0565|0|2023-05-08 19:10:29
37422000|0.0014|1|2023-05-08 19:10:29
37430000|0.0831|1|2023-05-08 19:10:29
37431000|0.0315|1|2023-05-08 19:10:29
37432000|0.0586|1|2023-05-08 19:10:29
37433000|0.098|1|2023-05-08 19:10:29
37418000|0.1567|0|2023-05-08 19:10:30
37416000|0.0559|0|2023-05-08 19:10:30
37415000|0.1077|0|2023-05-08 19:10:30
37412000|0.0938|0|2023-05-08 19:10:30
37411000|0.0565|0|2023-05-08 19:10:30
37422000|0.0014|1|2023-05-08 19:10:30
37430000|0.0831|1|2023-05-08 19:10:30
37431000|0.0315|1|2023-05-08 19:10:30
37432000|0.0586|1|2023-05-08 19:10:30
37433000|0.098|1|2023-05-08 19:10:30
37418000|0.0632|0|2023-05-08 19:10:31
37416000|0.0559|0|2023-05-08 19:10:31
37415000|0.1077|0|2023-05-08 19:10:31
37413000|0.016|0|2023-05-08 19:10:31
37412000|0.0938|0|2023-05-08 19:10:31
37422000|0.0014|1|2023-05-08 19:10:31
37430000|0.0831|1|2023-05-08 19:10:31
37431000|0.0315|1|2023-05-08 19:10:31
37432000|0.0586|1|2023-05-08 19:10:31
37433000|0.098|1|2023-05-08 19:10:31
37418000|0.0632|0|2023-05-08 19:10:32
37416000|0.0559|0|2023-05-08 19:10:32
37415000|0.1077|0|2023-05-08 19:10:32
37413000|0.016|0|2023-05-08 19:10:32
37412000|0.0938|0|2023-05-08 19:10:32
37422000|0.0014|1|2023-05-08 19:10:32
37430000|0.0831|1|2023-05-08 19:10:32
37431000|0.0315|1|2023-05-08 19:10:32
37432000|0.0586|1|2023-05-08 19:10:32
37433000|0.098|1|2023-05-08 19:10:32
37418000|0.0632|0|2023-05-08 19:10:33
37416000|0.0559|0|2023-05-08 19:10:33
37415000|0.1077|0|2023-05-08 19:10:33
37413000|0.016|0|2023-05-08 19:10:33
37412000|0.0938|0|2023-05-08 19:10:33
37422000|0.0014|1|2023-05-08 19:10:33
37430000|0.0831|1|2023-05-08 19:10:33
37431000|0.0315|1|2023-05-08 19:10:33
37432000|0.0586|1|2023-05-08 19:10:33
37433000|0.098|1|2023-05-08 19:10:33
37415000|0.1912|0|2023-05-08 19:10:34
37413000|0.016|0|2023-05-08 19:10:34
37412000|0.0938|0|2023-05-08 19:10:34
37411000|0.0565|0|2023-05-08 19:10:34
37410000|0.0204|0|2023-05-08 19:10:34
37430000|0.0831|1|2023-05-08 19:10:34
37431000|0.0315|1|2023-05-08 19:10:34
37432000|0.0586|1|2023-05-08 19:10:34
37433000|0.098|1|2023-05-08 19:10:34
37434000|0.1899|1|2023-05-08 19:10:34
37415000|0.1912|0|2023-05-08 19:10:35
37413000|0.016|0|2023-05-08 19:10:35
37412000|0.0938|0|2023-05-08 19:10:35
37411000|0.0565|0|2023-05-08 19:10:35
37410000|0.0204|0|2023-05-08 19:10:35
37430000|0.0831|1|2023-05-08 19:10:35
37431000|0.0315|1|2023-05-08 19:10:35
37432000|0.0586|1|2023-05-08 19:10:35
37433000|0.098|1|2023-05-08 19:10:35
37434000|0.1899|1|2023-05-08 19:10:35
37415000|0.1912|0|2023-05-08 19:10:36
37413000|0.016|0|2023-05-08 19:10:36
37412000|0.0938|0|2023-05-08 19:10:36
37411000|0.0565|0|2023-05-08 19:10:36
37410000|0.0204|0|2023-05-08 19:10:36
37430000|0.0831|1|2023-05-08 19:10:36
37431000|0.0315|1|2023-05-08 19:10:36
37432000|0.0586|1|2023-05-08 19:10:36
37433000|0.098|1|2023-05-08 19:10:36
37434000|0.1899|1|2023-05-08 19:10:36
37413000|0.016|0|2023-05-08 19:10:37
37410000|0.0204|0|2023-05-08 19:10:37
37409000|0.148|0|2023-05-08 19:10:37
37408000|0.0464|0|2023-05-08 19:10:37
37407000|0.0624|0|2023-05-08 19:10:37
37424000|0.1478|1|2023-05-08 19:10:37
37425000|0.0881|1|2023-05-08 19:10:37
37426000|0.0993|1|2023-05-08 19:10:37
37427000|0.1057|1|2023-05-08 19:10:37
37428000|0.0087|1|2023-05-08 19:10:37
37410000|0.0825|0|2023-05-08 19:10:38
37409000|0.148|0|2023-05-08 19:10:38
37408000|0.0464|0|2023-05-08 19:10:38
37405000|0.1633|0|2023-05-08 19:10:38
37403000|0.0077|0|2023-05-08 19:10:38
37422000|0.0874|1|2023-05-08 19:10:38
37424000|0.2095|1|2023-05-08 19:10:38
37425000|0.0881|1|2023-05-08 19:10:38
37426000|0.0993|1|2023-05-08 19:10:38
37427000|0.0437|1|2023-05-08 19:10:38
37412000|0.1513|0|2023-05-08 19:10:39
37410000|0.0204|0|2023-05-08 19:10:39
37409000|0.1641|0|2023-05-08 19:10:39
37408000|0.0861|0|2023-05-08 19:10:39
37405000|0.1243|0|2023-05-08 19:10:39
37424000|0.1478|1|2023-05-08 19:10:39
37426000|0.0158|1|2023-05-08 19:10:39
37427000|0.005|1|2023-05-08 19:10:39
37430000|0.1154|1|2023-05-08 19:10:39
37431000|0.0315|1|2023-05-08 19:10:39
37412000|0.1513|0|2023-05-08 19:10:40
37410000|0.0204|0|2023-05-08 19:10:40
37409000|0.1641|0|2023-05-08 19:10:40
37408000|0.0861|0|2023-05-08 19:10:40
37405000|0.1243|0|2023-05-08 19:10:40
37424000|0.1478|1|2023-05-08 19:10:40
37426000|0.0158|1|2023-05-08 19:10:40
37427000|0.005|1|2023-05-08 19:10:40
37430000|0.1154|1|2023-05-08 19:10:40
37431000|0.0315|1|2023-05-08 19:10:40
37412000|0.1513|0|2023-05-08 19:10:41
37410000|0.0204|0|2023-05-08 19:10:41
37409000|0.1641|0|2023-05-08 19:10:41
37408000|0.0861|0|2023-05-08 19:10:41
37405000|0.1243|0|2023-05-08 19:10:41
37424000|0.1478|1|2023-05-08 19:10:41
37426000|0.0158|1|2023-05-08 19:10:41
37427000|0.005|1|2023-05-08 19:10:41
37430000|0.1154|1|2023-05-08 19:10:41
37431000|0.0315|1|2023-05-08 19:10:41
37412000|0.1513|0|2023-05-08 19:10:42
37410000|0.0204|0|2023-05-08 19:10:42
37409000|1.4561|0|2023-05-08 19:10:42
37408000|0.0861|0|2023-05-08 19:10:42
37405000|0.1243|0|2023-05-08 19:10:42
37424000|0.1478|1|2023-05-08 19:10:42
37426000|0.0158|1|2023-05-08 19:10:42
37427000|0.005|1|2023-05-08 19:10:42
37430000|0.1154|1|2023-05-08 19:10:42
37431000|0.0315|1|2023-05-08 19:10:42
37412000|0.1513|0|2023-05-08 19:10:43
37410000|0.0204|0|2023-05-08 19:10:43
37409000|1.4561|0|2023-05-08 19:10:43
37408000|0.0861|0|2023-05-08 19:10:43
37405000|0.1243|0|2023-05-08 19:10:43
37424000|0.1478|1|2023-05-08 19:10:43
37426000|0.0158|1|2023-05-08 19:10:43
37427000|0.005|1|2023-05-08 19:10:43
37430000|0.1154|1|2023-05-08 19:10:43
37431000|0.0315|1|2023-05-08 19:10:43
37412000|0.1513|0|2023-05-08 19:10:44
37410000|0.0204|0|2023-05-08 19:10:44
37409000|1.4561|0|2023-05-08 19:10:44
37408000|0.0861|0|2023-05-08 19:10:44
37405000|0.1243|0|2023-05-08 19:10:44
37424000|0.0583|1|2023-05-08 19:10:44
37426000|0.0158|1|2023-05-08 19:10:44
37427000|0.005|1|2023-05-08 19:10:44
37430000|0.1154|1|2023-05-08 19:10:44
37431000|0.0315|1|2023-05-08 19:10:44
37412000|0.1513|0|2023-05-08 19:10:45
37410000|0.0204|0|2023-05-08 19:10:45
37409000|1.4561|0|2023-05-08 19:10:45
37408000|0.0861|0|2023-05-08 19:10:45
37405000|0.1243|0|2023-05-08 19:10:45
37424000|0.0583|1|2023-05-08 19:10:45
37426000|0.0158|1|2023-05-08 19:10:45
37427000|0.005|1|2023-05-08 19:10:45
37428000|0.0844|1|2023-05-08 19:10:45
37430000|0.1154|1|2023-05-08 19:10:45
37412000|0.1513|0|2023-05-08 19:10:46
37410000|0.0204|0|2023-05-08 19:10:46
37409000|1.4561|0|2023-05-08 19:10:46
37408000|0.0861|0|2023-05-08 19:10:46
37405000|0.1243|0|2023-05-08 19:10:46
37424000|0.0583|1|2023-05-08 19:10:46
37426000|0.0158|1|2023-05-08 19:10:46
37427000|0.005|1|2023-05-08 19:10:46
37428000|0.0844|1|2023-05-08 19:10:46
37430000|0.1154|1|2023-05-08 19:10:46
37412000|0.1513|0|2023-05-08 19:10:47
37410000|0.0204|0|2023-05-08 19:10:47
37409000|1.4561|0|2023-05-08 19:10:47
37408000|0.0861|0|2023-05-08 19:10:47
37405000|0.1243|0|2023-05-08 19:10:47
37424000|0.0583|1|2023-05-08 19:10:47
37426000|0.0158|1|2023-05-08 19:10:47
37427000|0.0633|1|2023-05-08 19:10:47
37428000|0.0844|1|2023-05-08 19:10:47
37430000|0.1154|1|2023-05-08 19:10:47
37412000|0.1513|0|2023-05-08 19:10:48
37410000|0.0204|0|2023-05-08 19:10:48
37409000|1.4561|0|2023-05-08 19:10:48
37408000|0.0861|0|2023-05-08 19:10:48
37405000|0.1243|0|2023-05-08 19:10:48
37424000|0.0583|1|2023-05-08 19:10:48
37426000|0.0158|1|2023-05-08 19:10:48
37427000|0.0633|1|2023-05-08 19:10:48
37428000|0.0844|1|2023-05-08 19:10:48
37430000|0.1154|1|2023-05-08 19:10:48
37426000|0.0056|0|2023-05-08 19:10:49
37424000|0.0028|0|2023-05-08 19:10:49
37422000|0.0083|0|2023-05-08 19:10:49
37420000|0.0613|0|2023-05-08 19:10:49
37419000|0.1233|0|2023-05-08 19:10:49
37430000|0.0518|1|2023-05-08 19:10:49
37432000|0.0874|1|2023-05-08 19:10:49
37433000|0.033|1|2023-05-08 19:10:49
37434000|0.1|1|2023-05-08 19:10:49
37435000|0.0103|1|2023-05-08 19:10:49
37426000|0.0056|0|2023-05-08 19:10:50
37422000|0.0083|0|2023-05-08 19:10:50
37420000|0.0613|0|2023-05-08 19:10:50
37419000|0.1233|0|2023-05-08 19:10:50
37417000|0.0212|0|2023-05-08 19:10:50
37430000|0.0518|1|2023-05-08 19:10:50
37432000|0.0874|1|2023-05-08 19:10:50
37433000|0.033|1|2023-05-08 19:10:50
37434000|0.1|1|2023-05-08 19:10:50
37435000|0.0103|1|2023-05-08 19:10:50
37420000|0.0613|0|2023-05-08 19:10:51
37419000|0.1233|0|2023-05-08 19:10:51
37417000|0.0212|0|2023-05-08 19:10:51
37416000|1.3339|0|2023-05-08 19:10:51
37415000|0.0856|0|2023-05-08 19:10:51
37432000|0.0874|1|2023-05-08 19:10:51
37433000|0.033|1|2023-05-08 19:10:51
37434000|0.1|1|2023-05-08 19:10:51
37435000|0.0103|1|2023-05-08 19:10:51
37436000|0.0579|1|2023-05-08 19:10:51
37422000|0.0083|0|2023-05-08 19:10:52
37420000|0.0613|0|2023-05-08 19:10:52
37419000|0.1233|0|2023-05-08 19:10:52
37417000|0.0212|0|2023-05-08 19:10:52
37416000|1.3339|0|2023-05-08 19:10:52
37430000|0.0518|1|2023-05-08 19:10:52
37432000|0.0874|1|2023-05-08 19:10:52
37433000|0.033|1|2023-05-08 19:10:52
37434000|0.1|1|2023-05-08 19:10:52
37435000|0.0103|1|2023-05-08 19:10:52
37422000|0.0853|0|2023-05-08 19:10:53
37420000|0.0613|0|2023-05-08 19:10:53
37419000|0.1228|0|2023-05-08 19:10:53
37417000|0.0212|0|2023-05-08 19:10:53
37416000|1.3339|0|2023-05-08 19:10:53
37433000|0.0154|1|2023-05-08 19:10:53
37434000|0.1|1|2023-05-08 19:10:53
37435000|0.0103|1|2023-05-08 19:10:53
37436000|0.0579|1|2023-05-08 19:10:53
37437000|0.1456|1|2023-05-08 19:10:53
37422000|0.0853|0|2023-05-08 19:10:54
37420000|0.0613|0|2023-05-08 19:10:54
37419000|0.1228|0|2023-05-08 19:10:54
37417000|0.0212|0|2023-05-08 19:10:54
37416000|1.3339|0|2023-05-08 19:10:54
37433000|0.0154|1|2023-05-08 19:10:54
37434000|0.1|1|2023-05-08 19:10:54
37435000|0.0103|1|2023-05-08 19:10:54
37436000|0.0579|1|2023-05-08 19:10:54
37437000|0.1456|1|2023-05-08 19:10:54
37422000|0.0853|0|2023-05-08 19:10:55
37420000|0.0613|0|2023-05-08 19:10:55
37419000|0.1228|0|2023-05-08 19:10:55
37417000|0.0212|0|2023-05-08 19:10:55
37416000|1.3339|0|2023-05-08 19:10:55
37433000|0.0154|1|2023-05-08 19:10:55
37434000|0.1|1|2023-05-08 19:10:55
37435000|0.0103|1|2023-05-08 19:10:55
37436000|0.0579|1|2023-05-08 19:10:55
37437000|0.1456|1|2023-05-08 19:10:55
37422000|0.0853|0|2023-05-08 19:10:56
37420000|0.0613|0|2023-05-08 19:10:56
37419000|0.1228|0|2023-05-08 19:10:56
37417000|0.0212|0|2023-05-08 19:10:56
37416000|1.3339|0|2023-05-08 19:10:56
37433000|0.0154|1|2023-05-08 19:10:56
37434000|0.1|1|2023-05-08 19:10:56
37435000|0.0103|1|2023-05-08 19:10:56
37436000|0.0579|1|2023-05-08 19:10:56
37437000|0.1456|1|2023-05-08 19:10:56
37422000|0.0853|0|2023-05-08 19:10:57
37420000|0.0613|0|2023-05-08 19:10:57
37419000|0.1228|0|2023-05-08 19:10:57
37417000|0.0212|0|2023-05-08 19:10:57
37416000|1.3339|0|2023-05-08 19:10:57
37433000|0.0154|1|2023-05-08 19:10:57
37434000|0.1|1|2023-05-08 19:10:57
37435000|0.0103|1|2023-05-08 19:10:57
37436000|0.0579|1|2023-05-08 19:10:57
37437000|0.1456|1|2023-05-08 19:10:57
37422000|0.0853|0|2023-05-08 19:10:58
37420000|0.0613|0|2023-05-08 19:10:58
37419000|0.1228|0|2023-05-08 19:10:58
37417000|0.0212|0|2023-05-08 19:10:58
37416000|1.3339|0|2023-05-08 19:10:58
37433000|0.0154|1|2023-05-08 19:10:58
37434000|0.1717|1|2023-05-08 19:10:58
37435000|0.0103|1|2023-05-08 19:10:58
37436000|0.0579|1|2023-05-08 19:10:58
37437000|0.1456|1|2023-05-08 19:10:58
37422000|0.0853|0|2023-05-08 19:10:59
37420000|0.0613|0|2023-05-08 19:10:59
37419000|0.1228|0|2023-05-08 19:10:59
37417000|0.0212|0|2023-05-08 19:10:59
37416000|1.3339|0|2023-05-08 19:10:59
37433000|0.0154|1|2023-05-08 19:10:59
37434000|0.1717|1|2023-05-08 19:10:59
37435000|0.0103|1|2023-05-08 19:10:59
37436000|0.0579|1|2023-05-08 19:10:59
37437000|0.1456|1|2023-05-08 19:10:59
37422000|0.0853|0|2023-05-08 19:11:00
37420000|0.0613|0|2023-05-08 19:11:00
37419000|0.1228|0|2023-05-08 19:11:00
37417000|0.0212|0|2023-05-08 19:11:00
37416000|1.3339|0|2023-05-08 19:11:00
37433000|0.0154|1|2023-05-08 19:11:00
37434000|0.1717|1|2023-05-08 19:11:00
37435000|0.0103|1|2023-05-08 19:11:00
37436000|0.0579|1|2023-05-08 19:11:00
37437000|0.1456|1|2023-05-08 19:11:00
37417000|0.0822|0|2023-05-08 19:11:01
37416000|1.3339|0|2023-05-08 19:11:01
37415000|0.0859|0|2023-05-08 19:11:01
37414000|0.0968|0|2023-05-08 19:11:01
37412000|0.0009|0|2023-05-08 19:11:01
37431000|0.0875|1|2023-05-08 19:11:01
37433000|0.1039|1|2023-05-08 19:11:01
37434000|0.2719|1|2023-05-08 19:11:01
37435000|0.0103|1|2023-05-08 19:11:01
37436000|0.0579|1|2023-05-08 19:11:01
37417000|0.0212|0|2023-05-08 19:11:02
37416000|1.3339|0|2023-05-08 19:11:02
37415000|0.0859|0|2023-05-08 19:11:02
37414000|0.0968|0|2023-05-08 19:11:02
37412000|0.0009|0|2023-05-08 19:11:02
37428000|0.0848|1|2023-05-08 19:11:02
37430000|0.0606|1|2023-05-08 19:11:02
37431000|0.0875|1|2023-05-08 19:11:02
37433000|0.1039|1|2023-05-08 19:11:02
37434000|0.2106|1|2023-05-08 19:11:02
37417000|0.0212|0|2023-05-08 19:11:03
37416000|1.3339|0|2023-05-08 19:11:03
37415000|0.0859|0|2023-05-08 19:11:03
37414000|0.0968|0|2023-05-08 19:11:03
37412000|0.0009|0|2023-05-08 19:11:03
37428000|0.0848|1|2023-05-08 19:11:03
37430000|0.0606|1|2023-05-08 19:11:03
37431000|0.0875|1|2023-05-08 19:11:03
37433000|0.1039|1|2023-05-08 19:11:03
37434000|0.2106|1|2023-05-08 19:11:03
37417000|0.0212|0|2023-05-08 19:11:04
37416000|1.3339|0|2023-05-08 19:11:04
37415000|0.0859|0|2023-05-08 19:11:04
37414000|0.0968|0|2023-05-08 19:11:04
37412000|0.0009|0|2023-05-08 19:11:04
37428000|0.0848|1|2023-05-08 19:11:04
37430000|0.0606|1|2023-05-08 19:11:04
37431000|0.0875|1|2023-05-08 19:11:04
37433000|0.1039|1|2023-05-08 19:11:04
37434000|0.2106|1|2023-05-08 19:11:04
37417000|0.0212|0|2023-05-08 19:11:05
37416000|1.3339|0|2023-05-08 19:11:05
37415000|0.0859|0|2023-05-08 19:11:05
37414000|0.0968|0|2023-05-08 19:11:05
37412000|0.0009|0|2023-05-08 19:11:05
37428000|0.0848|1|2023-05-08 19:11:05
37430000|0.0606|1|2023-05-08 19:11:05
37431000|0.0875|1|2023-05-08 19:11:05
37433000|0.1039|1|2023-05-08 19:11:05
37434000|0.2106|1|2023-05-08 19:11:05
37417000|0.0212|0|2023-05-08 19:11:06
37416000|1.3339|0|2023-05-08 19:11:06
37415000|0.0859|0|2023-05-08 19:11:06
37414000|0.0968|0|2023-05-08 19:11:06
37412000|0.0009|0|2023-05-08 19:11:06
37428000|0.0848|1|2023-05-08 19:11:06
37430000|0.0606|1|2023-05-08 19:11:06
37431000|0.0875|1|2023-05-08 19:11:06
37433000|0.1039|1|2023-05-08 19:11:06
37434000|0.2106|1|2023-05-08 19:11:06
37417000|0.0197|0|2023-05-08 19:11:07
37416000|1.3339|0|2023-05-08 19:11:07
37415000|0.0859|0|2023-05-08 19:11:07
37414000|0.0968|0|2023-05-08 19:11:07
37412000|0.0009|0|2023-05-08 19:11:07
37428000|0.0753|1|2023-05-08 19:11:07
37430000|0.0606|1|2023-05-08 19:11:07
37431000|0.0875|1|2023-05-08 19:11:07
37433000|0.1039|1|2023-05-08 19:11:07
37434000|0.2106|1|2023-05-08 19:11:07
37417000|0.0167|0|2023-05-08 19:11:08
37416000|1.3339|0|2023-05-08 19:11:08
37415000|0.0859|0|2023-05-08 19:11:08
37414000|0.1619|0|2023-05-08 19:11:08
37412000|0.0009|0|2023-05-08 19:11:08
37430000|0.0606|1|2023-05-08 19:11:08
37431000|0.0875|1|2023-05-08 19:11:08
37433000|0.1039|1|2023-05-08 19:11:08
37434000|0.2106|1|2023-05-08 19:11:08
37435000|0.0103|1|2023-05-08 19:11:08
37417000|0.0167|0|2023-05-08 19:11:09
37416000|1.3339|0|2023-05-08 19:11:09
37415000|0.0859|0|2023-05-08 19:11:09
37414000|0.1619|0|2023-05-08 19:11:09
37412000|0.0009|0|2023-05-08 19:11:09
37430000|0.0606|1|2023-05-08 19:11:09
37431000|0.0875|1|2023-05-08 19:11:09
37433000|0.1039|1|2023-05-08 19:11:09
37434000|0.2106|1|2023-05-08 19:11:09
37435000|0.0103|1|2023-05-08 19:11:09
37417000|0.0167|0|2023-05-08 19:11:10
37416000|1.3339|0|2023-05-08 19:11:10
37415000|0.0859|0|2023-05-08 19:11:10
37414000|0.1619|0|2023-05-08 19:11:10
37412000|0.0009|0|2023-05-08 19:11:10
37430000|0.0606|1|2023-05-08 19:11:10
37431000|0.0875|1|2023-05-08 19:11:10
37433000|0.1039|1|2023-05-08 19:11:10
37434000|0.2106|1|2023-05-08 19:11:10
37435000|0.0103|1|2023-05-08 19:11:10
37417000|0.0167|0|2023-05-08 19:11:11
37416000|1.3339|0|2023-05-08 19:11:11
37415000|0.0859|0|2023-05-08 19:11:11
37414000|0.1619|0|2023-05-08 19:11:11
37412000|0.0009|0|2023-05-08 19:11:11
37430000|0.0606|1|2023-05-08 19:11:11
37431000|0.0875|1|2023-05-08 19:11:11
37433000|0.1039|1|2023-05-08 19:11:11
37434000|0.2106|1|2023-05-08 19:11:11
37435000|0.0103|1|2023-05-08 19:11:11
37417000|0.0167|0|2023-05-08 19:11:12
37416000|1.3339|0|2023-05-08 19:11:12
37415000|0.0859|0|2023-05-08 19:11:12
37414000|0.1619|0|2023-05-08 19:11:12
37412000|0.0009|0|2023-05-08 19:11:12
37430000|0.0606|1|2023-05-08 19:11:12
37431000|0.0875|1|2023-05-08 19:11:12
37433000|0.1039|1|2023-05-08 19:11:12
37434000|0.2106|1|2023-05-08 19:11:12
37435000|0.0103|1|2023-05-08 19:11:12
37419000|0.0636|0|2023-05-08 19:11:17
37418000|0.0905|0|2023-05-08 19:11:17
37417000|0.0696|0|2023-05-08 19:11:17
37416000|1.3339|0|2023-05-08 19:11:17
37415000|0.1265|0|2023-05-08 19:11:17
37433000|0.1039|1|2023-05-08 19:11:17
37434000|0.1717|1|2023-05-08 19:11:17
37435000|0.0718|1|2023-05-08 19:11:17
37436000|0.0579|1|2023-05-08 19:11:17
37437000|0.0813|1|2023-05-08 19:11:17
37421000|0.0877|0|2023-05-08 19:11:18
37419000|0.1028|0|2023-05-08 19:11:18
37418000|0.1424|0|2023-05-08 19:11:18
37417000|0.0696|0|2023-05-08 19:11:18
37416000|1.3339|0|2023-05-08 19:11:18
37433000|0.0154|1|2023-05-08 19:11:18
37434000|0.1717|1|2023-05-08 19:11:18
37435000|0.0718|1|2023-05-08 19:11:18
37436000|0.0579|1|2023-05-08 19:11:18
37437000|0.0813|1|2023-05-08 19:11:18
37421000|0.0877|0|2023-05-08 19:11:19
37419000|0.1028|0|2023-05-08 19:11:19
37418000|0.1424|0|2023-05-08 19:11:19
37417000|0.0696|0|2023-05-08 19:11:19
37416000|1.3339|0|2023-05-08 19:11:19
37433000|0.0154|1|2023-05-08 19:11:19
37434000|0.1717|1|2023-05-08 19:11:19
37435000|0.0718|1|2023-05-08 19:11:19
37436000|0.0579|1|2023-05-08 19:11:19
37437000|0.0813|1|2023-05-08 19:11:19
37422000|0.0641|0|2023-05-08 19:11:20
37421000|0.0877|0|2023-05-08 19:11:20
37419000|0.1028|0|2023-05-08 19:11:20
37418000|0.1424|0|2023-05-08 19:11:20
37417000|0.0696|0|2023-05-08 19:11:20
37433000|0.0154|1|2023-05-08 19:11:20
37434000|0.1|1|2023-05-08 19:11:20
37435000|0.0103|1|2023-05-08 19:11:20
37436000|0.0579|1|2023-05-08 19:11:20
37437000|0.0813|1|2023-05-08 19:11:20
37424000|0.1053|0|2023-05-08 19:11:21
37423000|0.0092|0|2023-05-08 19:11:21
37422000|0.0641|0|2023-05-08 19:11:21
37421000|0.0877|0|2023-05-08 19:11:21
37419000|0.0392|0|2023-05-08 19:11:21
37434000|0.1|1|2023-05-08 19:11:21
37435000|0.0047|1|2023-05-08 19:11:21
37436000|0.0579|1|2023-05-08 19:11:21
37438000|0.0643|1|2023-05-08 19:11:21
37440000|1.1881|1|2023-05-08 19:11:21
37434000|0.039|0|2023-05-08 19:11:22
37433000|0.0028|0|2023-05-08 19:11:22
37430000|0.0868|0|2023-05-08 19:11:22
37427000|0.0603|0|2023-05-08 19:11:22
37426000|0.2431|0|2023-05-08 19:11:22
37435000|0.0047|1|2023-05-08 19:11:22
37440000|1.1881|1|2023-05-08 19:11:22
37441000|0.0311|1|2023-05-08 19:11:22
37442000|0.0805|1|2023-05-08 19:11:22
37443000|0.0832|1|2023-05-08 19:11:22
37434000|0.061|0|2023-05-08 19:11:23
37432000|0.0614|0|2023-05-08 19:11:23
37430000|0.0868|0|2023-05-08 19:11:23
37427000|0.0603|0|2023-05-08 19:11:23
37426000|0.181|0|2023-05-08 19:11:23
37435000|0.0047|1|2023-05-08 19:11:23
37440000|1.1881|1|2023-05-08 19:11:23
37442000|0.0158|1|2023-05-08 19:11:23
37443000|0.0832|1|2023-05-08 19:11:23
37444000|0.0051|1|2023-05-08 19:11:23
37434000|0.061|0|2023-05-08 19:11:24
37432000|0.0696|0|2023-05-08 19:11:24
37430000|0.0868|0|2023-05-08 19:11:24
37427000|0.0603|0|2023-05-08 19:11:24
37426000|0.181|0|2023-05-08 19:11:24
37435000|0.0047|1|2023-05-08 19:11:24
37440000|1.1881|1|2023-05-08 19:11:24
37442000|0.0158|1|2023-05-08 19:11:24
37443000|0.0832|1|2023-05-08 19:11:24
37444000|0.0051|1|2023-05-08 19:11:24
37430000|0.0868|0|2023-05-08 19:11:25
37429000|0.0395|0|2023-05-08 19:11:25
37427000|0.0726|0|2023-05-08 19:11:25
37426000|0.1428|0|2023-05-08 19:11:25
37424000|0.1383|0|2023-05-08 19:11:25
37435000|0.0047|1|2023-05-08 19:11:25
37440000|1.1881|1|2023-05-08 19:11:25
37442000|0.0158|1|2023-05-08 19:11:25
37443000|0.0832|1|2023-05-08 19:11:25
37444000|0.0663|1|2023-05-08 19:11:25
37430000|0.0868|0|2023-05-08 19:11:26
37429000|0.1043|0|2023-05-08 19:11:26
37427000|0.0726|0|2023-05-08 19:11:26
37426000|0.1428|0|2023-05-08 19:11:26
37424000|0.1383|0|2023-05-08 19:11:26
37435000|0.0047|1|2023-05-08 19:11:26
37440000|1.1881|1|2023-05-08 19:11:26
37442000|0.0158|1|2023-05-08 19:11:26
37443000|0.0832|1|2023-05-08 19:11:26
37444000|0.0663|1|2023-05-08 19:11:26
37430000|0.0868|0|2023-05-08 19:11:27
37429000|0.1043|0|2023-05-08 19:11:27
37427000|0.0726|0|2023-05-08 19:11:27
37426000|0.1428|0|2023-05-08 19:11:27
37424000|0.1383|0|2023-05-08 19:11:27
37435000|0.0047|1|2023-05-08 19:11:27
37440000|1.1881|1|2023-05-08 19:11:27
37442000|0.0158|1|2023-05-08 19:11:27
37443000|0.0832|1|2023-05-08 19:11:27
37444000|0.0663|1|2023-05-08 19:11:27
37430000|0.0868|0|2023-05-08 19:11:28
37429000|0.1043|0|2023-05-08 19:11:28
37427000|0.0726|0|2023-05-08 19:11:28
37426000|0.1428|0|2023-05-08 19:11:28
37424000|0.1383|0|2023-05-08 19:11:28
37435000|0.0047|1|2023-05-08 19:11:28
37440000|1.1881|1|2023-05-08 19:11:28
37442000|0.0158|1|2023-05-08 19:11:28
37443000|0.0832|1|2023-05-08 19:11:28
37444000|0.0663|1|2023-05-08 19:11:28
37430000|0.0868|0|2023-05-08 19:11:29
37429000|0.1043|0|2023-05-08 19:11:29
37427000|0.0726|0|2023-05-08 19:11:29
37426000|0.1428|0|2023-05-08 19:11:29
37424000|0.1383|0|2023-05-08 19:11:29
37435000|0.0047|1|2023-05-08 19:11:29
37440000|1.1881|1|2023-05-08 19:11:29
37442000|0.0158|1|2023-05-08 19:11:29
37443000|0.0832|1|2023-05-08 19:11:29
37444000|0.0663|1|2023-05-08 19:11:29
37427000|0.016|0|2023-05-08 19:11:30
37424000|0.0544|0|2023-05-08 19:11:30
37423000|0.0635|0|2023-05-08 19:11:30
37421000|0.0877|0|2023-05-08 19:11:30
37419000|0.0402|0|2023-05-08 19:11:30
37434000|0.0843|1|2023-05-08 19:11:30
37435000|0.0047|1|2023-05-08 19:11:30
37437000|0.0986|1|2023-05-08 19:11:30
37440000|1.3294|1|2023-05-08 19:11:30
37441000|0.1048|1|2023-05-08 19:11:30
37423000|0.0635|0|2023-05-08 19:11:31
37418000|0.0558|0|2023-05-08 19:11:31
37417000|0.0696|0|2023-05-08 19:11:31
37416000|1.3339|0|2023-05-08 19:11:31
37415000|0.0003|0|2023-05-08 19:11:31
37427000|0.0132|1|2023-05-08 19:11:31
37433000|0.0839|1|2023-05-08 19:11:31
37434000|0.0893|1|2023-05-08 19:11:31
37435000|0.0047|1|2023-05-08 19:11:31
37437000|0.219|1|2023-05-08 19:11:31
37418000|0.0558|0|2023-05-08 19:11:32
37417000|0.1345|0|2023-05-08 19:11:32
37416000|1.4201|0|2023-05-08 19:11:32
37415000|0.0003|0|2023-05-08 19:11:32
37414000|0.0479|0|2023-05-08 19:11:32
37427000|0.0132|1|2023-05-08 19:11:32
37430000|0.0897|1|2023-05-08 19:11:32
37432000|0.0156|1|2023-05-08 19:11:32
37433000|0.1475|1|2023-05-08 19:11:32
37434000|0.0893|1|2023-05-08 19:11:32
37418000|0.0558|0|2023-05-08 19:11:33
37417000|0.1345|0|2023-05-08 19:11:33
37416000|1.4201|0|2023-05-08 19:11:33
37415000|0.0003|0|2023-05-08 19:11:33
37414000|0.0479|0|2023-05-08 19:11:33
37427000|0.0132|1|2023-05-08 19:11:33
37430000|0.0897|1|2023-05-08 19:11:33
37432000|0.0156|1|2023-05-08 19:11:33
37433000|0.1475|1|2023-05-08 19:11:33
37434000|0.0893|1|2023-05-08 19:11:33
37418000|0.0039|0|2023-05-08 19:11:34
37417000|0.0696|0|2023-05-08 19:11:34
37416000|0.0419|0|2023-05-08 19:11:34
37415000|0.0003|0|2023-05-08 19:11:34
37413000|0.1462|0|2023-05-08 19:11:34
37427000|0.0871|1|2023-05-08 19:11:34
37428000|0.0603|1|2023-05-08 19:11:34
37430000|0.0897|1|2023-05-08 19:11:34
37431000|0.0509|1|2023-05-08 19:11:34
37432000|0.0156|1|2023-05-08 19:11:34
37418000|0.0039|0|2023-05-08 19:11:35
37417000|0.0696|0|2023-05-08 19:11:35
37416000|0.0419|0|2023-05-08 19:11:35
37415000|0.0003|0|2023-05-08 19:11:35
37413000|0.1462|0|2023-05-08 19:11:35
37427000|0.0871|1|2023-05-08 19:11:35
37428000|0.0603|1|2023-05-08 19:11:35
37430000|0.0897|1|2023-05-08 19:11:35
37431000|0.0509|1|2023-05-08 19:11:35
37432000|0.0156|1|2023-05-08 19:11:35
37418000|0.0039|0|2023-05-08 19:11:36
37417000|0.0696|0|2023-05-08 19:11:36
37416000|0.0419|0|2023-05-08 19:11:36
37415000|0.0003|0|2023-05-08 19:11:36
37413000|0.1462|0|2023-05-08 19:11:36
37427000|0.0871|1|2023-05-08 19:11:36
37428000|0.0603|1|2023-05-08 19:11:36
37430000|0.0897|1|2023-05-08 19:11:36
37431000|0.0509|1|2023-05-08 19:11:36
37432000|0.0156|1|2023-05-08 19:11:36
37418000|0.0039|0|2023-05-08 19:11:37
37417000|0.0643|0|2023-05-08 19:11:37
37416000|0.0603|0|2023-05-08 19:11:37
37415000|0.0003|0|2023-05-08 19:11:37
37413000|0.1252|0|2023-05-08 19:11:37
37430000|0.0897|1|2023-05-08 19:11:37
37431000|0.0509|1|2023-05-08 19:11:37
37432000|0.0785|1|2023-05-08 19:11:37
37433000|0.1299|1|2023-05-08 19:11:37
37434000|0.14|1|2023-05-08 19:11:37
37417000|0.0072|0|2023-05-08 19:11:38
37416000|0.0603|0|2023-05-08 19:11:38
37415000|0.0003|0|2023-05-08 19:11:38
37413000|0.1252|0|2023-05-08 19:11:38
37412000|0.0103|0|2023-05-08 19:11:38
37429000|0.0844|1|2023-05-08 19:11:38
37430000|0.0897|1|2023-05-08 19:11:38
37431000|0.0509|1|2023-05-08 19:11:38
37432000|0.0785|1|2023-05-08 19:11:38
37433000|0.1299|1|2023-05-08 19:11:38
37417000|0.0072|0|2023-05-08 19:11:39
37416000|0.0603|0|2023-05-08 19:11:39
37415000|0.0003|0|2023-05-08 19:11:39
37413000|0.1252|0|2023-05-08 19:11:39
37412000|0.0103|0|2023-05-08 19:11:39
37429000|0.0844|1|2023-05-08 19:11:39
37430000|0.0897|1|2023-05-08 19:11:39
37431000|0.0509|1|2023-05-08 19:11:39
37432000|0.0785|1|2023-05-08 19:11:39
37433000|0.1299|1|2023-05-08 19:11:39
37417000|0.0072|0|2023-05-08 19:11:40
37416000|0.0603|0|2023-05-08 19:11:40
37415000|0.0003|0|2023-05-08 19:11:40
37413000|0.1252|0|2023-05-08 19:11:40
37412000|0.0103|0|2023-05-08 19:11:40
37429000|0.0844|1|2023-05-08 19:11:40
37430000|0.0897|1|2023-05-08 19:11:40
37431000|0.0509|1|2023-05-08 19:11:40
37432000|0.0785|1|2023-05-08 19:11:40
37433000|0.1299|1|2023-05-08 19:11:40
37417000|0.0072|0|2023-05-08 19:11:41
37416000|0.0603|0|2023-05-08 19:11:41
37415000|0.0003|0|2023-05-08 19:11:41
37413000|0.1252|0|2023-05-08 19:11:41
37412000|0.0103|0|2023-05-08 19:11:41
37429000|0.0844|1|2023-05-08 19:11:41
37430000|0.0897|1|2023-05-08 19:11:41
37431000|0.0509|1|2023-05-08 19:11:41
37432000|0.0785|1|2023-05-08 19:11:41
37433000|0.1299|1|2023-05-08 19:11:41
37417000|0.0072|0|2023-05-08 19:11:42
37416000|0.1446|0|2023-05-08 19:11:42
37415000|0.0003|0|2023-05-08 19:11:42
37413000|0.1252|0|2023-05-08 19:11:42
37412000|0.0103|0|2023-05-08 19:11:42
37429000|0.0844|1|2023-05-08 19:11:42
37430000|0.0897|1|2023-05-08 19:11:42
37431000|0.0509|1|2023-05-08 19:11:42
37432000|0.0785|1|2023-05-08 19:11:42
37433000|0.1299|1|2023-05-08 19:11:42
37417000|0.0072|0|2023-05-08 19:11:43
37416000|0.1446|0|2023-05-08 19:11:43
37415000|0.0003|0|2023-05-08 19:11:43
37413000|0.1252|0|2023-05-08 19:11:43
37412000|0.0103|0|2023-05-08 19:11:43
37429000|0.0844|1|2023-05-08 19:11:43
37430000|0.0897|1|2023-05-08 19:11:43
37431000|0.0509|1|2023-05-08 19:11:43
37432000|0.0785|1|2023-05-08 19:11:43
37433000|0.1299|1|2023-05-08 19:11:43
37417000|0.0072|0|2023-05-08 19:11:44
37416000|0.1446|0|2023-05-08 19:11:44
37415000|0.0003|0|2023-05-08 19:11:44
37413000|0.1252|0|2023-05-08 19:11:44
37412000|0.0103|0|2023-05-08 19:11:44
37429000|0.0844|1|2023-05-08 19:11:44
37430000|0.0897|1|2023-05-08 19:11:44
37431000|0.0509|1|2023-05-08 19:11:44
37432000|0.0785|1|2023-05-08 19:11:44
37433000|0.1299|1|2023-05-08 19:11:44
37417000|0.0072|0|2023-05-08 19:11:45
37416000|0.1446|0|2023-05-08 19:11:45
37415000|0.0003|0|2023-05-08 19:11:45
37413000|0.1252|0|2023-05-08 19:11:45
37412000|0.0103|0|2023-05-08 19:11:45
37429000|0.0844|1|2023-05-08 19:11:45
37430000|0.0897|1|2023-05-08 19:11:45
37431000|0.0509|1|2023-05-08 19:11:45
37432000|0.0785|1|2023-05-08 19:11:45
37433000|0.1299|1|2023-05-08 19:11:45
37417000|0.0072|0|2023-05-08 19:11:46
37416000|0.1446|0|2023-05-08 19:11:46
37415000|0.0003|0|2023-05-08 19:11:46
37413000|0.1252|0|2023-05-08 19:11:46
37412000|0.0103|0|2023-05-08 19:11:46
37429000|0.0844|1|2023-05-08 19:11:46
37430000|0.0897|1|2023-05-08 19:11:46
37431000|0.0509|1|2023-05-08 19:11:46
37432000|0.0785|1|2023-05-08 19:11:46
37433000|0.1299|1|2023-05-08 19:11:46
37417000|0.0072|0|2023-05-08 19:11:47
37416000|0.1446|0|2023-05-08 19:11:47
37415000|0.0003|0|2023-05-08 19:11:47
37413000|0.1252|0|2023-05-08 19:11:47
37412000|0.0103|0|2023-05-08 19:11:47
37429000|0.0844|1|2023-05-08 19:11:47
37430000|0.0897|1|2023-05-08 19:11:47
37431000|0.0509|1|2023-05-08 19:11:47
37432000|0.0785|1|2023-05-08 19:11:47
37433000|0.1299|1|2023-05-08 19:11:47
37417000|0.0072|0|2023-05-08 19:11:48
37416000|0.1446|0|2023-05-08 19:11:48
37415000|0.0003|0|2023-05-08 19:11:48
37413000|0.1252|0|2023-05-08 19:11:48
37412000|0.0103|0|2023-05-08 19:11:48
37429000|0.0844|1|2023-05-08 19:11:48
37430000|0.0897|1|2023-05-08 19:11:48
37431000|0.0509|1|2023-05-08 19:11:48
37432000|0.0785|1|2023-05-08 19:11:48
37433000|0.1299|1|2023-05-08 19:11:48
37417000|0.0072|0|2023-05-08 19:11:49
37416000|0.1446|0|2023-05-08 19:11:49
37415000|0.0003|0|2023-05-08 19:11:49
37413000|0.1252|0|2023-05-08 19:11:49
37412000|0.0103|0|2023-05-08 19:11:49
37429000|0.0844|1|2023-05-08 19:11:49
37430000|0.0897|1|2023-05-08 19:11:49
37431000|0.0509|1|2023-05-08 19:11:49
37432000|0.0785|1|2023-05-08 19:11:49
37433000|0.1299|1|2023-05-08 19:11:49
37417000|0.0072|0|2023-05-08 19:11:50
37416000|0.1446|0|2023-05-08 19:11:50
37415000|0.0003|0|2023-05-08 19:11:50
37413000|0.1252|0|2023-05-08 19:11:50
37412000|0.0103|0|2023-05-08 19:11:50
37429000|0.0844|1|2023-05-08 19:11:50
37430000|0.0897|1|2023-05-08 19:11:50
37431000|0.0509|1|2023-05-08 19:11:50
37432000|0.0785|1|2023-05-08 19:11:50
37433000|0.1299|1|2023-05-08 19:11:50
37417000|0.0072|0|2023-05-08 19:11:51
37416000|0.1446|0|2023-05-08 19:11:51
37415000|0.0003|0|2023-05-08 19:11:51
37413000|0.1252|0|2023-05-08 19:11:51
37412000|0.0103|0|2023-05-08 19:11:51
37429000|0.0844|1|2023-05-08 19:11:51
37430000|0.0897|1|2023-05-08 19:11:51
37431000|0.0509|1|2023-05-08 19:11:51
37432000|0.0785|1|2023-05-08 19:11:51
37433000|0.1299|1|2023-05-08 19:11:51
37417000|0.0072|0|2023-05-08 19:11:52
37416000|0.1446|0|2023-05-08 19:11:52
37415000|0.0003|0|2023-05-08 19:11:52
37413000|0.1252|0|2023-05-08 19:11:52
37412000|0.0103|0|2023-05-08 19:11:52
37429000|0.0844|1|2023-05-08 19:11:52
37430000|0.0897|1|2023-05-08 19:11:52
37431000|0.0509|1|2023-05-08 19:11:52
37432000|0.0785|1|2023-05-08 19:11:52
37433000|0.1299|1|2023-05-08 19:11:52
37419000|0.1039|0|2023-05-08 19:11:53
37417000|0.013|0|2023-05-08 19:11:53
37416000|0.1944|0|2023-05-08 19:11:53
37415000|0.0003|0|2023-05-08 19:11:53
37413000|0.1252|0|2023-05-08 19:11:53
37431000|0.0509|1|2023-05-08 19:11:53
37432000|0.0785|1|2023-05-08 19:11:53
37433000|0.1299|1|2023-05-08 19:11:53
37434000|0.14|1|2023-05-08 19:11:53
37435000|0.0047|1|2023-05-08 19:11:53
37419000|0.1039|0|2023-05-08 19:11:54
37417000|0.013|0|2023-05-08 19:11:54
37416000|0.1944|0|2023-05-08 19:11:54
37415000|0.0003|0|2023-05-08 19:11:54
37413000|0.1252|0|2023-05-08 19:11:54
37431000|0.0509|1|2023-05-08 19:11:54
37432000|0.0785|1|2023-05-08 19:11:54
37433000|0.1299|1|2023-05-08 19:11:54
37434000|0.14|1|2023-05-08 19:11:54
37435000|0.0047|1|2023-05-08 19:11:54
37419000|0.1039|0|2023-05-08 19:11:55
37417000|0.013|0|2023-05-08 19:11:55
37416000|0.1944|0|2023-05-08 19:11:55
37415000|0.0003|0|2023-05-08 19:11:55
37413000|0.1252|0|2023-05-08 19:11:55
37431000|0.0509|1|2023-05-08 19:11:55
37432000|0.0785|1|2023-05-08 19:11:55
37433000|0.1299|1|2023-05-08 19:11:55
37434000|0.14|1|2023-05-08 19:11:55
37435000|0.0047|1|2023-05-08 19:11:55
37419000|0.0155|0|2023-05-08 19:11:56
37417000|0.013|0|2023-05-08 19:11:56
37416000|0.1944|0|2023-05-08 19:11:56
37415000|0.0003|0|2023-05-08 19:11:56
37413000|0.0858|0|2023-05-08 19:11:56
37431000|0.0509|1|2023-05-08 19:11:56
37432000|0.0785|1|2023-05-08 19:11:56
37433000|0.1299|1|2023-05-08 19:11:56
37434000|0.14|1|2023-05-08 19:11:56
37435000|0.0047|1|2023-05-08 19:11:56
37419000|0.0155|0|2023-05-08 19:11:57
37417000|0.013|0|2023-05-08 19:11:57
37416000|0.1944|0|2023-05-08 19:11:57
37415000|0.0003|0|2023-05-08 19:11:57
37413000|0.0858|0|2023-05-08 19:11:57
37429000|0.009|1|2023-05-08 19:11:57
37430000|0.088|1|2023-05-08 19:11:57
37431000|0.0509|1|2023-05-08 19:11:57
37432000|0.0785|1|2023-05-08 19:11:57
37433000|0.1299|1|2023-05-08 19:11:57
37419000|0.0155|0|2023-05-08 19:11:58
37417000|1.305|0|2023-05-08 19:11:58
37416000|0.1944|0|2023-05-08 19:11:58
37415000|0.0003|0|2023-05-08 19:11:58
37413000|0.0858|0|2023-05-08 19:11:58
37429000|0.009|1|2023-05-08 19:11:58
37430000|0.088|1|2023-05-08 19:11:58
37431000|0.0509|1|2023-05-08 19:11:58
37432000|0.0785|1|2023-05-08 19:11:58
37433000|0.1299|1|2023-05-08 19:11:58
37419000|0.0155|0|2023-05-08 19:11:59
37417000|1.305|0|2023-05-08 19:11:59
37416000|0.1944|0|2023-05-08 19:11:59
37415000|0.0003|0|2023-05-08 19:11:59
37413000|0.0858|0|2023-05-08 19:11:59
37429000|0.009|1|2023-05-08 19:11:59
37430000|0.088|1|2023-05-08 19:11:59
37431000|0.0509|1|2023-05-08 19:11:59
37432000|0.0785|1|2023-05-08 19:11:59
37433000|0.1299|1|2023-05-08 19:11:59
37419000|0.0109|0|2023-05-08 19:12:00
37417000|1.305|0|2023-05-08 19:12:00
37416000|0.1944|0|2023-05-08 19:12:00
37415000|0.0003|0|2023-05-08 19:12:00
37413000|0.0858|0|2023-05-08 19:12:00
37430000|0.088|1|2023-05-08 19:12:00
37431000|0.0509|1|2023-05-08 19:12:00
37432000|0.0785|1|2023-05-08 19:12:00
37433000|0.1299|1|2023-05-08 19:12:00
37434000|0.1807|1|2023-05-08 19:12:00
37419000|0.0109|0|2023-05-08 19:12:01
37417000|1.305|0|2023-05-08 19:12:01
37416000|0.1944|0|2023-05-08 19:12:01
37415000|0.0003|0|2023-05-08 19:12:01
37413000|0.0858|0|2023-05-08 19:12:01
37430000|0.088|1|2023-05-08 19:12:01
37431000|0.0509|1|2023-05-08 19:12:01
37432000|0.0785|1|2023-05-08 19:12:01
37433000|0.1299|1|2023-05-08 19:12:01
37434000|0.1807|1|2023-05-08 19:12:01
37419000|0.0109|0|2023-05-08 19:12:02
37417000|1.305|0|2023-05-08 19:12:02
37416000|0.1944|0|2023-05-08 19:12:02
37415000|0.0003|0|2023-05-08 19:12:02
37413000|0.0858|0|2023-05-08 19:12:02
37430000|0.088|1|2023-05-08 19:12:02
37431000|0.0509|1|2023-05-08 19:12:02
37432000|0.0785|1|2023-05-08 19:12:02
37433000|0.1299|1|2023-05-08 19:12:02
37434000|0.1807|1|2023-05-08 19:12:02
37419000|0.0109|0|2023-05-08 19:12:03
37417000|1.305|0|2023-05-08 19:12:03
37416000|0.1944|0|2023-05-08 19:12:03
37415000|0.0003|0|2023-05-08 19:12:03
37413000|0.0858|0|2023-05-08 19:12:03
37430000|0.088|1|2023-05-08 19:12:03
37431000|0.0509|1|2023-05-08 19:12:03
37432000|0.0785|1|2023-05-08 19:12:03
37433000|0.1299|1|2023-05-08 19:12:03
37434000|0.1807|1|2023-05-08 19:12:03
37419000|0.0109|0|2023-05-08 19:12:04
37418000|0.0871|0|2023-05-08 19:12:04
37417000|1.305|0|2023-05-08 19:12:04
37416000|0.1944|0|2023-05-08 19:12:04
37415000|0.0003|0|2023-05-08 19:12:04
37430000|0.088|1|2023-05-08 19:12:04
37431000|0.0509|1|2023-05-08 19:12:04
37432000|0.0785|1|2023-05-08 19:12:04
37433000|0.1299|1|2023-05-08 19:12:04
37434000|0.0557|1|2023-05-08 19:12:04
37419000|0.0109|0|2023-05-08 19:12:05
37418000|0.0871|0|2023-05-08 19:12:05
37417000|1.305|0|2023-05-08 19:12:05
37416000|0.1944|0|2023-05-08 19:12:05
37415000|0.0003|0|2023-05-08 19:12:05
37430000|0.088|1|2023-05-08 19:12:05
37431000|0.0509|1|2023-05-08 19:12:05
37432000|0.0785|1|2023-05-08 19:12:05
37433000|0.1299|1|2023-05-08 19:12:05
37434000|0.0557|1|2023-05-08 19:12:05
37419000|0.0109|0|2023-05-08 19:12:06
37418000|0.1315|0|2023-05-08 19:12:06
37417000|1.305|0|2023-05-08 19:12:06
37416000|0.1944|0|2023-05-08 19:12:06
37415000|0.0003|0|2023-05-08 19:12:06
37430000|0.088|1|2023-05-08 19:12:06
37431000|0.0509|1|2023-05-08 19:12:06
37432000|0.0785|1|2023-05-08 19:12:06
37433000|0.1299|1|2023-05-08 19:12:06
37434000|0.0557|1|2023-05-08 19:12:06
37419000|0.0109|0|2023-05-08 19:12:07
37418000|0.1315|0|2023-05-08 19:12:07
37417000|1.305|0|2023-05-08 19:12:07
37416000|0.1944|0|2023-05-08 19:12:07
37415000|0.0003|0|2023-05-08 19:12:07
37430000|0.088|1|2023-05-08 19:12:07
37431000|0.0509|1|2023-05-08 19:12:07
37432000|0.0785|1|2023-05-08 19:12:07
37433000|0.1299|1|2023-05-08 19:12:07
37434000|0.0557|1|2023-05-08 19:12:07
37419000|0.0109|0|2023-05-08 19:12:08
37418000|0.1315|0|2023-05-08 19:12:08
37417000|1.305|0|2023-05-08 19:12:08
37416000|0.1944|0|2023-05-08 19:12:08
37415000|0.0003|0|2023-05-08 19:12:08
37430000|0.088|1|2023-05-08 19:12:08
37431000|0.0509|1|2023-05-08 19:12:08
37432000|0.0785|1|2023-05-08 19:12:08
37433000|0.1299|1|2023-05-08 19:12:08
37434000|0.0557|1|2023-05-08 19:12:08
37419000|0.0056|0|2023-05-08 19:12:09
37418000|0.1315|0|2023-05-08 19:12:09
37417000|1.305|0|2023-05-08 19:12:09
37416000|0.1944|0|2023-05-08 19:12:09
37415000|0.0003|0|2023-05-08 19:12:09
37430000|0.088|1|2023-05-08 19:12:09
37431000|0.0509|1|2023-05-08 19:12:09
37432000|0.0785|1|2023-05-08 19:12:09
37433000|0.1299|1|2023-05-08 19:12:09
37434000|0.0557|1|2023-05-08 19:12:09
37419000|0.0056|0|2023-05-08 19:12:10
37418000|0.1315|0|2023-05-08 19:12:10
37417000|1.305|0|2023-05-08 19:12:10
37416000|0.1944|0|2023-05-08 19:12:10
37415000|0.0003|0|2023-05-08 19:12:10
37430000|0.088|1|2023-05-08 19:12:10
37431000|0.0509|1|2023-05-08 19:12:10
37432000|0.0785|1|2023-05-08 19:12:10
37433000|0.1299|1|2023-05-08 19:12:10
37434000|0.0557|1|2023-05-08 19:12:10
37419000|0.0056|0|2023-05-08 19:12:11
37418000|0.1315|0|2023-05-08 19:12:11
37417000|1.305|0|2023-05-08 19:12:11
37416000|0.1944|0|2023-05-08 19:12:11
37415000|0.0003|0|2023-05-08 19:12:11
37430000|0.088|1|2023-05-08 19:12:11
37431000|0.0509|1|2023-05-08 19:12:11
37432000|0.0785|1|2023-05-08 19:12:11
37433000|0.1299|1|2023-05-08 19:12:11
37434000|0.0557|1|2023-05-08 19:12:11
37419000|0.0056|0|2023-05-08 19:12:12
37418000|0.1315|0|2023-05-08 19:12:12
37417000|1.305|0|2023-05-08 19:12:12
37416000|0.1944|0|2023-05-08 19:12:12
37415000|0.0003|0|2023-05-08 19:12:12
37430000|0.088|1|2023-05-08 19:12:12
37431000|0.0509|1|2023-05-08 19:12:12
37432000|0.0785|1|2023-05-08 19:12:12
37433000|0.1299|1|2023-05-08 19:12:12
37434000|0.0557|1|2023-05-08 19:12:12
37419000|0.0056|0|2023-05-08 19:12:13
37418000|0.1315|0|2023-05-08 19:12:13
37417000|1.305|0|2023-05-08 19:12:13
37416000|0.1944|0|2023-05-08 19:12:13
37415000|0.0003|0|2023-05-08 19:12:13
37430000|0.088|1|2023-05-08 19:12:13
37431000|0.0509|1|2023-05-08 19:12:13
37432000|0.0785|1|2023-05-08 19:12:13
37433000|0.1299|1|2023-05-08 19:12:13
37434000|0.0557|1|2023-05-08 19:12:13
37418000|0.1107|0|2023-05-08 19:12:14
37417000|1.305|0|2023-05-08 19:12:14
37416000|0.1944|0|2023-05-08 19:12:14
37415000|0.0003|0|2023-05-08 19:12:14
37414000|0.041|0|2023-05-08 19:12:14
37430000|0.088|1|2023-05-08 19:12:14
37431000|0.0509|1|2023-05-08 19:12:14
37432000|0.0785|1|2023-05-08 19:12:14
37433000|0.1299|1|2023-05-08 19:12:14
37434000|0.0557|1|2023-05-08 19:12:14
37418000|0.1107|0|2023-05-08 19:12:15
37417000|1.305|0|2023-05-08 19:12:15
37416000|0.1944|0|2023-05-08 19:12:15
37415000|0.0003|0|2023-05-08 19:12:15
37414000|0.041|0|2023-05-08 19:12:15
37430000|0.088|1|2023-05-08 19:12:15
37431000|0.0509|1|2023-05-08 19:12:15
37432000|0.0785|1|2023-05-08 19:12:15
37433000|0.1299|1|2023-05-08 19:12:15
37434000|0.0557|1|2023-05-08 19:12:15
37418000|0.1107|0|2023-05-08 19:12:16
37417000|1.305|0|2023-05-08 19:12:16
37416000|0.1944|0|2023-05-08 19:12:16
37415000|0.0003|0|2023-05-08 19:12:16
37414000|0.041|0|2023-05-08 19:12:16
37430000|0.088|1|2023-05-08 19:12:16
37431000|0.0509|1|2023-05-08 19:12:16
37432000|0.0785|1|2023-05-08 19:12:16
37433000|0.1299|1|2023-05-08 19:12:16
37434000|0.0557|1|2023-05-08 19:12:16
37418000|0.1107|0|2023-05-08 19:12:17
37417000|1.305|0|2023-05-08 19:12:17
37416000|0.1944|0|2023-05-08 19:12:17
37415000|0.0003|0|2023-05-08 19:12:17
37414000|0.041|0|2023-05-08 19:12:17
37430000|0.088|1|2023-05-08 19:12:17
37431000|0.0509|1|2023-05-08 19:12:17
37432000|0.0785|1|2023-05-08 19:12:17
37433000|0.1299|1|2023-05-08 19:12:17
37434000|0.0557|1|2023-05-08 19:12:17
37418000|0.1107|0|2023-05-08 19:12:18
37417000|1.305|0|2023-05-08 19:12:18
37416000|0.1944|0|2023-05-08 19:12:18
37415000|0.0003|0|2023-05-08 19:12:18
37414000|0.041|0|2023-05-08 19:12:18
37430000|0.088|1|2023-05-08 19:12:18
37431000|0.0509|1|2023-05-08 19:12:18
37432000|0.0785|1|2023-05-08 19:12:18
37433000|0.1299|1|2023-05-08 19:12:18
37434000|0.0557|1|2023-05-08 19:12:18
37418000|0.1107|0|2023-05-08 19:12:19
37417000|1.305|0|2023-05-08 19:12:19
37416000|0.1944|0|2023-05-08 19:12:19
37415000|0.0003|0|2023-05-08 19:12:19
37414000|0.041|0|2023-05-08 19:12:19
37430000|0.088|1|2023-05-08 19:12:19
37431000|0.0509|1|2023-05-08 19:12:19
37432000|0.0785|1|2023-05-08 19:12:19
37433000|0.1299|1|2023-05-08 19:12:19
37434000|0.0557|1|2023-05-08 19:12:19
37418000|0.1107|0|2023-05-08 19:12:20
37417000|1.305|0|2023-05-08 19:12:20
37416000|0.1944|0|2023-05-08 19:12:20
37415000|0.0003|0|2023-05-08 19:12:20
37414000|0.041|0|2023-05-08 19:12:20
37430000|0.088|1|2023-05-08 19:12:20
37431000|0.0509|1|2023-05-08 19:12:20
37432000|0.0785|1|2023-05-08 19:12:20
37433000|0.1299|1|2023-05-08 19:12:20
37434000|0.0557|1|2023-05-08 19:12:20
37420000|0.09|0|2023-05-08 19:12:21
37419000|0.1288|0|2023-05-08 19:12:21
37418000|0.1515|0|2023-05-08 19:12:21
37417000|1.305|0|2023-05-08 19:12:21
37416000|0.1944|0|2023-05-08 19:12:21
37432000|0.0156|1|2023-05-08 19:12:21
37434000|0.005|1|2023-05-08 19:12:21
37435000|0.0047|1|2023-05-08 19:12:21
37437000|0.0647|1|2023-05-08 19:12:21
37440000|1.2435|1|2023-05-08 19:12:21
37421000|0.1239|0|2023-05-08 19:12:22
37420000|0.09|0|2023-05-08 19:12:22
37419000|0.1288|0|2023-05-08 19:12:22
37418000|0.1515|0|2023-05-08 19:12:22
37417000|1.305|0|2023-05-08 19:12:22
37432000|0.0156|1|2023-05-08 19:12:22
37434000|0.005|1|2023-05-08 19:12:22
37435000|0.0047|1|2023-05-08 19:12:22
37436000|0.0624|1|2023-05-08 19:12:22
37437000|0.0647|1|2023-05-08 19:12:22
37424000|0.0148|0|2023-05-08 19:12:23
37422000|0.0623|0|2023-05-08 19:12:23
37421000|0.1239|0|2023-05-08 19:12:23
37420000|0.09|0|2023-05-08 19:12:23
37419000|0.0678|0|2023-05-08 19:12:23
37432000|0.0156|1|2023-05-08 19:12:23
37434000|0.005|1|2023-05-08 19:12:23
37435000|0.0047|1|2023-05-08 19:12:23
37436000|0.0624|1|2023-05-08 19:12:23
37437000|0.0554|1|2023-05-08 19:12:23
37424000|0.0148|0|2023-05-08 19:12:24
37422000|0.0623|0|2023-05-08 19:12:24
37421000|0.1239|0|2023-05-08 19:12:24
37420000|0.09|0|2023-05-08 19:12:24
37419000|0.0678|0|2023-05-08 19:12:24
37432000|0.0156|1|2023-05-08 19:12:24
37434000|0.005|1|2023-05-08 19:12:24
37435000|0.0047|1|2023-05-08 19:12:24
37436000|0.0624|1|2023-05-08 19:12:24
37437000|0.1398|1|2023-05-08 19:12:24
37424000|0.0148|0|2023-05-08 19:12:25
37422000|0.0623|0|2023-05-08 19:12:25
37421000|0.1239|0|2023-05-08 19:12:25
37420000|0.09|0|2023-05-08 19:12:25
37419000|0.0678|0|2023-05-08 19:12:25
37432000|0.0156|1|2023-05-08 19:12:25
37434000|0.005|1|2023-05-08 19:12:25
37435000|0.0047|1|2023-05-08 19:12:25
37436000|0.0624|1|2023-05-08 19:12:25
37437000|0.1398|1|2023-05-08 19:12:25
37419000|0.0678|0|2023-05-08 19:12:26
37418000|0.0444|0|2023-05-08 19:12:26
37417000|1.305|0|2023-05-08 19:12:26
37416000|0.0498|0|2023-05-08 19:12:26
37415000|0.0633|0|2023-05-08 19:12:26
37423000|0.0132|1|2023-05-08 19:12:26
37427000|0.0845|1|2023-05-08 19:12:26
37430000|0.0854|1|2023-05-08 19:12:26
37432000|0.0156|1|2023-05-08 19:12:26
37433000|0.234|1|2023-05-08 19:12:26
37419000|0.0678|0|2023-05-08 19:12:27
37418000|0.0444|0|2023-05-08 19:12:27
37417000|1.305|0|2023-05-08 19:12:27
37416000|0.0498|0|2023-05-08 19:12:27
37415000|0.0633|0|2023-05-08 19:12:27
37423000|0.0132|1|2023-05-08 19:12:27
37427000|0.0845|1|2023-05-08 19:12:27
37430000|0.0854|1|2023-05-08 19:12:27
37432000|0.0156|1|2023-05-08 19:12:27
37433000|0.234|1|2023-05-08 19:12:27
37419000|0.0678|0|2023-05-08 19:12:28
37418000|0.0444|0|2023-05-08 19:12:28
37417000|1.305|0|2023-05-08 19:12:28
37416000|0.0498|0|2023-05-08 19:12:28
37415000|0.0633|0|2023-05-08 19:12:28
37423000|0.0132|1|2023-05-08 19:12:28
37427000|0.0845|1|2023-05-08 19:12:28
37430000|0.0854|1|2023-05-08 19:12:28
37432000|0.0156|1|2023-05-08 19:12:28
37433000|0.234|1|2023-05-08 19:12:28
37419000|0.0678|0|2023-05-08 19:12:29
37418000|0.0444|0|2023-05-08 19:12:29
37417000|1.305|0|2023-05-08 19:12:29
37416000|0.0498|0|2023-05-08 19:12:29
37415000|0.0633|0|2023-05-08 19:12:29
37423000|0.0132|1|2023-05-08 19:12:29
37427000|0.0845|1|2023-05-08 19:12:29
37430000|0.0854|1|2023-05-08 19:12:29
37432000|0.0156|1|2023-05-08 19:12:29
37433000|0.234|1|2023-05-08 19:12:29
37419000|0.0678|0|2023-05-08 19:12:30
37418000|0.0444|0|2023-05-08 19:12:30
37417000|1.305|0|2023-05-08 19:12:30
37416000|0.0498|0|2023-05-08 19:12:30
37415000|0.0633|0|2023-05-08 19:12:30
37423000|0.0132|1|2023-05-08 19:12:30
37427000|0.0845|1|2023-05-08 19:12:30
37430000|0.0854|1|2023-05-08 19:12:30
37432000|0.0156|1|2023-05-08 19:12:30
37433000|0.234|1|2023-05-08 19:12:30
37419000|0.0678|0|2023-05-08 19:12:31
37418000|0.0444|0|2023-05-08 19:12:31
37417000|1.305|0|2023-05-08 19:12:31
37416000|0.0498|0|2023-05-08 19:12:31
37415000|0.0633|0|2023-05-08 19:12:31
37423000|0.0132|1|2023-05-08 19:12:31
37427000|0.0845|1|2023-05-08 19:12:31
37430000|0.0854|1|2023-05-08 19:12:31
37432000|0.0156|1|2023-05-08 19:12:31
37433000|0.234|1|2023-05-08 19:12:31
37421000|0.0832|0|2023-05-08 19:12:32
37419000|0.1927|0|2023-05-08 19:12:32
37418000|0.1062|0|2023-05-08 19:12:32
37417000|0.013|0|2023-05-08 19:12:32
37416000|0.1387|0|2023-05-08 19:12:32
37432000|0.0156|1|2023-05-08 19:12:32
37433000|0.0443|1|2023-05-08 19:12:32
37434000|0.005|1|2023-05-08 19:12:32
37435000|0.0047|1|2023-05-08 19:12:32
37436000|0.0084|1|2023-05-08 19:12:32
37426000|0.0855|0|2023-05-08 19:12:33
37425000|0.0389|0|2023-05-08 19:12:33
37423000|0.0638|0|2023-05-08 19:12:33
37421000|0.0832|0|2023-05-08 19:12:33
37419000|0.1537|0|2023-05-08 19:12:33
37432000|0.039|1|2023-05-08 19:12:33
37435000|0.0725|1|2023-05-08 19:12:33
37437000|0.0554|1|2023-05-08 19:12:33
37439000|0.0832|1|2023-05-08 19:12:33
37440000|1.2435|1|2023-05-08 19:12:33
37427000|0.0615|0|2023-05-08 19:12:34
37426000|0.0855|0|2023-05-08 19:12:34
37421000|0.1241|0|2023-05-08 19:12:34
37419000|0.1537|0|2023-05-08 19:12:34
37418000|0.0444|0|2023-05-08 19:12:34
37432000|0.039|1|2023-05-08 19:12:34
37435000|0.0047|1|2023-05-08 19:12:34
37437000|0.0554|1|2023-05-08 19:12:34
37439000|0.0832|1|2023-05-08 19:12:34
37440000|1.2435|1|2023-05-08 19:12:34
37427000|0.0512|0|2023-05-08 19:12:35
37421000|0.1241|0|2023-05-08 19:12:35
37419000|0.1537|0|2023-05-08 19:12:35
37418000|1.3364|0|2023-05-08 19:12:35
37417000|0.013|0|2023-05-08 19:12:35
37435000|0.0047|1|2023-05-08 19:12:35
37436000|0.0894|1|2023-05-08 19:12:35
37437000|0.0554|1|2023-05-08 19:12:35
37439000|0.0832|1|2023-05-08 19:12:35
37440000|1.2435|1|2023-05-08 19:12:35
37425000|0.0606|0|2023-05-08 19:12:36
37421000|0.1241|0|2023-05-08 19:12:36
37419000|0.1537|0|2023-05-08 19:12:36
37418000|1.3364|0|2023-05-08 19:12:36
37417000|0.013|0|2023-05-08 19:12:36
37435000|0.0047|1|2023-05-08 19:12:36
37436000|0.0894|1|2023-05-08 19:12:36
37437000|0.0554|1|2023-05-08 19:12:36
37439000|0.0832|1|2023-05-08 19:12:36
37440000|1.3065|1|2023-05-08 19:12:36
37421000|0.1241|0|2023-05-08 19:12:37
37419000|0.1537|0|2023-05-08 19:12:37
37418000|1.3364|0|2023-05-08 19:12:37
37417000|0.013|0|2023-05-08 19:12:37
37416000|0.1387|0|2023-05-08 19:12:37
37435000|0.0047|1|2023-05-08 19:12:37
37437000|0.0554|1|2023-05-08 19:12:37
37439000|0.0832|1|2023-05-08 19:12:37
37440000|1.2435|1|2023-05-08 19:12:37
37441000|0.0444|1|2023-05-08 19:12:37
37426000|0.153|0|2023-05-08 19:12:38
37424000|0.0488|0|2023-05-08 19:12:38
37423000|0.0014|0|2023-05-08 19:12:38
37421000|0.1241|0|2023-05-08 19:12:38
37419000|0.1537|0|2023-05-08 19:12:38
37435000|0.0047|1|2023-05-08 19:12:38
37437000|0.0554|1|2023-05-08 19:12:38
37439000|0.0832|1|2023-05-08 19:12:38
37440000|1.2435|1|2023-05-08 19:12:38
37441000|0.0444|1|2023-05-08 19:12:38
37426000|0.153|0|2023-05-08 19:12:39
37424000|0.0488|0|2023-05-08 19:12:39
37423000|0.0014|0|2023-05-08 19:12:39
37421000|0.1241|0|2023-05-08 19:12:39
37419000|0.1537|0|2023-05-08 19:12:39
37435000|0.0047|1|2023-05-08 19:12:39
37437000|0.0554|1|2023-05-08 19:12:39
37439000|0.0832|1|2023-05-08 19:12:39
37440000|1.2435|1|2023-05-08 19:12:39
37441000|0.0444|1|2023-05-08 19:12:39
37426000|0.153|0|2023-05-08 19:12:40
37424000|0.0488|0|2023-05-08 19:12:40
37423000|0.0014|0|2023-05-08 19:12:40
37421000|0.1241|0|2023-05-08 19:12:40
37419000|0.1537|0|2023-05-08 19:12:40
37435000|0.0047|1|2023-05-08 19:12:40
37437000|0.0554|1|2023-05-08 19:12:40
37439000|0.0832|1|2023-05-08 19:12:40
37440000|1.2435|1|2023-05-08 19:12:40
37441000|0.0444|1|2023-05-08 19:12:40
37426000|0.153|0|2023-05-08 19:12:41
37424000|0.0403|0|2023-05-08 19:12:41
37423000|0.0014|0|2023-05-08 19:12:41
37421000|0.0832|0|2023-05-08 19:12:41
37419000|0.1537|0|2023-05-08 19:12:41
37435000|0.0047|1|2023-05-08 19:12:41
37437000|0.0554|1|2023-05-08 19:12:41
37439000|0.0832|1|2023-05-08 19:12:41
37440000|1.2435|1|2023-05-08 19:12:41
37441000|0.0444|1|2023-05-08 19:12:41
37426000|0.1226|0|2023-05-08 19:12:42
37423000|0.0014|0|2023-05-08 19:12:42
37421000|0.0832|0|2023-05-08 19:12:42
37419000|0.1537|0|2023-05-08 19:12:42
37418000|1.3364|0|2023-05-08 19:12:42
37435000|0.0047|1|2023-05-08 19:12:42
37436000|0.0087|1|2023-05-08 19:12:42
37437000|0.0554|1|2023-05-08 19:12:42
37439000|0.0832|1|2023-05-08 19:12:42
37440000|1.2435|1|2023-05-08 19:12:42
37423000|0.0624|0|2023-05-08 19:12:43
37421000|0.0832|0|2023-05-08 19:12:43
37419000|0.1937|0|2023-05-08 19:12:43
37418000|1.3364|0|2023-05-08 19:12:43
37417000|0.013|0|2023-05-08 19:12:43
37435000|0.0047|1|2023-05-08 19:12:43
37436000|0.0948|1|2023-05-08 19:12:43
37437000|0.0554|1|2023-05-08 19:12:43
37439000|0.1442|1|2023-05-08 19:12:43
37440000|1.2435|1|2023-05-08 19:12:43
37423000|0.0624|0|2023-05-08 19:12:44
37421000|0.0832|0|2023-05-08 19:12:44
37419000|0.1937|0|2023-05-08 19:12:44
37418000|1.3364|0|2023-05-08 19:12:44
37417000|0.013|0|2023-05-08 19:12:44
37435000|0.0047|1|2023-05-08 19:12:44
37436000|0.0948|1|2023-05-08 19:12:44
37437000|0.0554|1|2023-05-08 19:12:44
37439000|0.1442|1|2023-05-08 19:12:44
37440000|1.2578|1|2023-05-08 19:12:44
37423000|0.0624|0|2023-05-08 19:12:45
37421000|0.0832|0|2023-05-08 19:12:45
37419000|0.1937|0|2023-05-08 19:12:45
37418000|1.3364|0|2023-05-08 19:12:45
37417000|0.013|0|2023-05-08 19:12:45
37435000|0.0047|1|2023-05-08 19:12:45
37436000|0.0948|1|2023-05-08 19:12:45
37437000|0.0554|1|2023-05-08 19:12:45
37439000|0.1442|1|2023-05-08 19:12:45
37440000|1.2578|1|2023-05-08 19:12:45
37423000|0.0624|0|2023-05-08 19:12:46
37421000|0.0832|0|2023-05-08 19:12:46
37419000|0.1937|0|2023-05-08 19:12:46
37418000|1.3364|0|2023-05-08 19:12:46
37417000|0.013|0|2023-05-08 19:12:46
37435000|0.0047|1|2023-05-08 19:12:46
37436000|0.0948|1|2023-05-08 19:12:46
37437000|0.0554|1|2023-05-08 19:12:46
37439000|0.1442|1|2023-05-08 19:12:46
37440000|1.2578|1|2023-05-08 19:12:46
37423000|0.0706|0|2023-05-08 19:12:47
37421000|0.0832|0|2023-05-08 19:12:47
37419000|0.1937|0|2023-05-08 19:12:47
37418000|1.3364|0|2023-05-08 19:12:47
37417000|0.013|0|2023-05-08 19:12:47
37435000|0.0047|1|2023-05-08 19:12:47
37436000|0.0861|1|2023-05-08 19:12:47
37437000|0.0554|1|2023-05-08 19:12:47
37439000|0.1442|1|2023-05-08 19:12:47
37440000|1.2435|1|2023-05-08 19:12:47
37423000|0.0706|0|2023-05-08 19:12:48
37421000|0.0832|0|2023-05-08 19:12:48
37419000|0.1937|0|2023-05-08 19:12:48
37418000|1.3364|0|2023-05-08 19:12:48
37417000|0.013|0|2023-05-08 19:12:48
37435000|0.0047|1|2023-05-08 19:12:48
37436000|0.0861|1|2023-05-08 19:12:48
37437000|0.0554|1|2023-05-08 19:12:48
37439000|0.1442|1|2023-05-08 19:12:48
37440000|1.2435|1|2023-05-08 19:12:48
37423000|0.0706|0|2023-05-08 19:12:49
37421000|0.0832|0|2023-05-08 19:12:49
37419000|0.1937|0|2023-05-08 19:12:49
37418000|1.3364|0|2023-05-08 19:12:49
37417000|0.013|0|2023-05-08 19:12:49
37435000|0.0047|1|2023-05-08 19:12:49
37436000|0.0861|1|2023-05-08 19:12:49
37437000|0.0554|1|2023-05-08 19:12:49
37439000|0.1442|1|2023-05-08 19:12:49
37440000|1.2435|1|2023-05-08 19:12:49
37423000|0.0706|0|2023-05-08 19:12:50
37421000|0.0832|0|2023-05-08 19:12:50
37419000|0.1937|0|2023-05-08 19:12:50
37418000|1.3364|0|2023-05-08 19:12:50
37417000|0.013|0|2023-05-08 19:12:50
37435000|0.0047|1|2023-05-08 19:12:50
37436000|0.0861|1|2023-05-08 19:12:50
37437000|0.0554|1|2023-05-08 19:12:50
37439000|0.1442|1|2023-05-08 19:12:50
37440000|1.2435|1|2023-05-08 19:12:50
37423000|0.0706|0|2023-05-08 19:12:51
37421000|0.0832|0|2023-05-08 19:12:51
37419000|0.1937|0|2023-05-08 19:12:51
37418000|1.3364|0|2023-05-08 19:12:51
37417000|0.013|0|2023-05-08 19:12:51
37435000|0.0047|1|2023-05-08 19:12:51
37436000|0.0861|1|2023-05-08 19:12:51
37437000|0.0554|1|2023-05-08 19:12:51
37439000|0.1442|1|2023-05-08 19:12:51
37440000|1.2435|1|2023-05-08 19:12:51
37423000|0.0706|0|2023-05-08 19:12:52
37421000|0.0832|0|2023-05-08 19:12:52
37419000|0.1937|0|2023-05-08 19:12:52
37418000|1.3364|0|2023-05-08 19:12:52
37417000|0.013|0|2023-05-08 19:12:52
37435000|0.0047|1|2023-05-08 19:12:52
37436000|0.0861|1|2023-05-08 19:12:52
37437000|0.0554|1|2023-05-08 19:12:52
37439000|0.1442|1|2023-05-08 19:12:52
37440000|1.2435|1|2023-05-08 19:12:52
37423000|0.0706|0|2023-05-08 19:12:53
37421000|0.0832|0|2023-05-08 19:12:53
37419000|0.1937|0|2023-05-08 19:12:53
37418000|1.3364|0|2023-05-08 19:12:53
37417000|0.013|0|2023-05-08 19:12:53
37435000|0.0047|1|2023-05-08 19:12:53
37436000|0.0861|1|2023-05-08 19:12:53
37437000|0.0554|1|2023-05-08 19:12:53
37439000|0.1442|1|2023-05-08 19:12:53
37440000|1.2435|1|2023-05-08 19:12:53
37423000|0.0706|0|2023-05-08 19:12:54
37421000|0.0832|0|2023-05-08 19:12:54
37419000|0.1937|0|2023-05-08 19:12:54
37418000|1.3364|0|2023-05-08 19:12:54
37417000|0.013|0|2023-05-08 19:12:54
37435000|0.0047|1|2023-05-08 19:12:54
37436000|0.0861|1|2023-05-08 19:12:54
37437000|0.0554|1|2023-05-08 19:12:54
37439000|0.1442|1|2023-05-08 19:12:54
37440000|1.2435|1|2023-05-08 19:12:54
37423000|0.0706|0|2023-05-08 19:12:55
37421000|0.0832|0|2023-05-08 19:12:55
37419000|0.1937|0|2023-05-08 19:12:55
37418000|1.3364|0|2023-05-08 19:12:55
37417000|0.013|0|2023-05-08 19:12:55
37435000|0.0047|1|2023-05-08 19:12:55
37436000|0.0861|1|2023-05-08 19:12:55
37437000|0.0554|1|2023-05-08 19:12:55
37439000|0.1442|1|2023-05-08 19:12:55
37440000|1.3152|1|2023-05-08 19:12:55
37423000|0.0706|0|2023-05-08 19:12:56
37421000|0.0832|0|2023-05-08 19:12:56
37419000|0.1937|0|2023-05-08 19:12:56
37418000|1.3364|0|2023-05-08 19:12:56
37417000|0.013|0|2023-05-08 19:12:56
37435000|0.0047|1|2023-05-08 19:12:56
37436000|0.0861|1|2023-05-08 19:12:56
37437000|0.0554|1|2023-05-08 19:12:56
37439000|0.1442|1|2023-05-08 19:12:56
37440000|1.3152|1|2023-05-08 19:12:56
37423000|0.0706|0|2023-05-08 19:12:57
37421000|0.0832|0|2023-05-08 19:12:57
37419000|0.1937|0|2023-05-08 19:12:57
37418000|1.3364|0|2023-05-08 19:12:57
37417000|0.013|0|2023-05-08 19:12:57
37435000|0.0047|1|2023-05-08 19:12:57
37436000|0.0861|1|2023-05-08 19:12:57
37437000|0.0554|1|2023-05-08 19:12:57
37439000|0.1442|1|2023-05-08 19:12:57
37440000|1.3152|1|2023-05-08 19:12:57
37423000|0.0739|0|2023-05-08 19:12:58
37421000|0.0832|0|2023-05-08 19:12:58
37419000|0.1937|0|2023-05-08 19:12:58
37418000|1.3364|0|2023-05-08 19:12:58
37417000|0.013|0|2023-05-08 19:12:58
37435000|0.0047|1|2023-05-08 19:12:58
37436000|0.0861|1|2023-05-08 19:12:58
37437000|0.0554|1|2023-05-08 19:12:58
37439000|0.1442|1|2023-05-08 19:12:58
37440000|1.3152|1|2023-05-08 19:12:58
37423000|0.0047|0|2023-05-08 19:12:59
37421000|0.0832|0|2023-05-08 19:12:59
37419000|0.1537|0|2023-05-08 19:12:59
37418000|1.3364|0|2023-05-08 19:12:59
37417000|0.0751|0|2023-05-08 19:12:59
37426000|0.0147|1|2023-05-08 19:12:59
37433000|0.0643|1|2023-05-08 19:12:59
37435000|0.0047|1|2023-05-08 19:12:59
37436000|0.1552|1|2023-05-08 19:12:59
37437000|0.0554|1|2023-05-08 19:12:59
37423000|0.0047|0|2023-05-08 19:13:00
37421000|0.0832|0|2023-05-08 19:13:00
37419000|0.1537|0|2023-05-08 19:13:00
37418000|1.3364|0|2023-05-08 19:13:00
37417000|0.0751|0|2023-05-08 19:13:00
37426000|0.0147|1|2023-05-08 19:13:00
37433000|0.0643|1|2023-05-08 19:13:00
37435000|0.0047|1|2023-05-08 19:13:00
37436000|0.1552|1|2023-05-08 19:13:00
37437000|0.0554|1|2023-05-08 19:13:00
37423000|0.0047|0|2023-05-08 19:13:01
37421000|0.0832|0|2023-05-08 19:13:01
37419000|0.1537|0|2023-05-08 19:13:01
37418000|1.3364|0|2023-05-08 19:13:01
37417000|0.0751|0|2023-05-08 19:13:01
37426000|0.0147|1|2023-05-08 19:13:01
37433000|0.0643|1|2023-05-08 19:13:01
37435000|0.0047|1|2023-05-08 19:13:01
37436000|0.1552|1|2023-05-08 19:13:01
37437000|0.0554|1|2023-05-08 19:13:01
37423000|0.0047|0|2023-05-08 19:13:02
37421000|0.0832|0|2023-05-08 19:13:02
37419000|0.1537|0|2023-05-08 19:13:02
37418000|1.3364|0|2023-05-08 19:13:02
37417000|0.0751|0|2023-05-08 19:13:02
37426000|0.0147|1|2023-05-08 19:13:02
37433000|0.0643|1|2023-05-08 19:13:02
37435000|0.0047|1|2023-05-08 19:13:02
37436000|0.1552|1|2023-05-08 19:13:02
37437000|0.0554|1|2023-05-08 19:13:02
37423000|0.0047|0|2023-05-08 19:13:03
37421000|0.0832|0|2023-05-08 19:13:03
37419000|0.1537|0|2023-05-08 19:13:03
37418000|1.3364|0|2023-05-08 19:13:03
37417000|0.0751|0|2023-05-08 19:13:03
37426000|0.0147|1|2023-05-08 19:13:03
37433000|0.0643|1|2023-05-08 19:13:03
37435000|0.0047|1|2023-05-08 19:13:03
37436000|0.1552|1|2023-05-08 19:13:03
37437000|0.0554|1|2023-05-08 19:13:03
37423000|0.0047|0|2023-05-08 19:13:04
37421000|0.0832|0|2023-05-08 19:13:04
37419000|0.1537|0|2023-05-08 19:13:04
37418000|1.3364|0|2023-05-08 19:13:04
37417000|0.0751|0|2023-05-08 19:13:04
37426000|0.0056|1|2023-05-08 19:13:04
37433000|0.0643|1|2023-05-08 19:13:04
37435000|0.0047|1|2023-05-08 19:13:04
37436000|0.0916|1|2023-05-08 19:13:04
37437000|0.0554|1|2023-05-08 19:13:04
37423000|0.0047|0|2023-05-08 19:13:05
37421000|0.0832|0|2023-05-08 19:13:05
37419000|0.1537|0|2023-05-08 19:13:05
37418000|1.3364|0|2023-05-08 19:13:05
37417000|0.0751|0|2023-05-08 19:13:05
37426000|0.0056|1|2023-05-08 19:13:05
37433000|0.0643|1|2023-05-08 19:13:05
37435000|0.0047|1|2023-05-08 19:13:05
37436000|0.0916|1|2023-05-08 19:13:05
37437000|0.0554|1|2023-05-08 19:13:05
37419000|0.0154|0|2023-05-08 19:13:06
37418000|1.3364|0|2023-05-08 19:13:06
37417000|0.013|0|2023-05-08 19:13:06
37415000|0.0003|0|2023-05-08 19:13:06
37413000|0.0889|0|2023-05-08 19:13:06
37421000|0.0167|1|2023-05-08 19:13:06
37426000|0.0056|1|2023-05-08 19:13:06
37428000|0.0866|1|2023-05-08 19:13:06
37430000|0.1482|1|2023-05-08 19:13:06
37432000|0.0393|1|2023-05-08 19:13:06
37419000|0.0154|0|2023-05-08 19:13:07
37418000|0.0444|0|2023-05-08 19:13:07
37417000|0.013|0|2023-05-08 19:13:07
37415000|0.0003|0|2023-05-08 19:13:07
37413000|1.4431|0|2023-05-08 19:13:07
37426000|0.0056|1|2023-05-08 19:13:07
37428000|0.0866|1|2023-05-08 19:13:07
37430000|0.1482|1|2023-05-08 19:13:07
37432000|0.093|1|2023-05-08 19:13:07
37433000|0.1442|1|2023-05-08 19:13:07
37419000|0.0154|0|2023-05-08 19:13:08
37418000|0.0444|0|2023-05-08 19:13:08
37417000|0.013|0|2023-05-08 19:13:08
37415000|0.0003|0|2023-05-08 19:13:08
37413000|1.4431|0|2023-05-08 19:13:08
37426000|0.0056|1|2023-05-08 19:13:08
37428000|0.0866|1|2023-05-08 19:13:08
37430000|0.1482|1|2023-05-08 19:13:08
37432000|0.093|1|2023-05-08 19:13:08
37433000|0.1442|1|2023-05-08 19:13:08
37419000|0.0154|0|2023-05-08 19:13:09
37418000|0.0444|0|2023-05-08 19:13:09
37417000|0.013|0|2023-05-08 19:13:09
37415000|0.0003|0|2023-05-08 19:13:09
37413000|1.4431|0|2023-05-08 19:13:09
37426000|0.0056|1|2023-05-08 19:13:09
37428000|0.0866|1|2023-05-08 19:13:09
37430000|0.1482|1|2023-05-08 19:13:09
37432000|0.093|1|2023-05-08 19:13:09
37433000|0.1442|1|2023-05-08 19:13:09
37419000|0.0154|0|2023-05-08 19:13:10
37418000|0.0444|0|2023-05-08 19:13:10
37417000|0.013|0|2023-05-08 19:13:10
37415000|0.0003|0|2023-05-08 19:13:10
37413000|1.4431|0|2023-05-08 19:13:10
37426000|0.0056|1|2023-05-08 19:13:10
37428000|0.0866|1|2023-05-08 19:13:10
37430000|0.1482|1|2023-05-08 19:13:10
37432000|0.093|1|2023-05-08 19:13:10
37433000|0.1442|1|2023-05-08 19:13:10
37419000|0.0154|0|2023-05-08 19:13:11
37418000|0.0444|0|2023-05-08 19:13:11
37417000|0.013|0|2023-05-08 19:13:11
37415000|0.0003|0|2023-05-08 19:13:11
37413000|1.4431|0|2023-05-08 19:13:11
37426000|0.0056|1|2023-05-08 19:13:11
37428000|0.0866|1|2023-05-08 19:13:11
37430000|0.1482|1|2023-05-08 19:13:11
37432000|0.093|1|2023-05-08 19:13:11
37433000|0.1442|1|2023-05-08 19:13:11
37419000|0.0154|0|2023-05-08 19:13:12
37418000|0.0444|0|2023-05-08 19:13:12
37417000|0.013|0|2023-05-08 19:13:12
37415000|0.0003|0|2023-05-08 19:13:12
37413000|1.4431|0|2023-05-08 19:13:12
37426000|0.0056|1|2023-05-08 19:13:12
37428000|0.0866|1|2023-05-08 19:13:12
37430000|0.1482|1|2023-05-08 19:13:12
37432000|0.093|1|2023-05-08 19:13:12
37433000|0.1442|1|2023-05-08 19:13:12
37419000|0.0154|0|2023-05-08 19:13:13
37418000|0.0444|0|2023-05-08 19:13:13
37417000|0.013|0|2023-05-08 19:13:13
37415000|0.0003|0|2023-05-08 19:13:13
37413000|1.4431|0|2023-05-08 19:13:13
37426000|0.0056|1|2023-05-08 19:13:13
37428000|0.0866|1|2023-05-08 19:13:13
37430000|0.1482|1|2023-05-08 19:13:13
37432000|0.093|1|2023-05-08 19:13:13
37433000|0.1442|1|2023-05-08 19:13:13
